2806 5014
295 465 299 472 .
402 311 523 438 cnr.
547 365 632 436 xrr.
676 367 747 436 r..
771 371 822 436 ιε.
847 369 911 438 rr..
1170 369 1216 436 or

105 503 396 592 usu'ahhorrents
418 523 570 593 Grotius:
590 479 898 592 ποδειιίιιάιιονιιόι
914 525 965 608 (l)
984 519 1137 604 eaenrplo
1156 541 1214 588 cs·
1309 533 1312 542 ·

106 602 243 679 cldnlec.
290 607 494 676 Tiulacciuc:
514 609 619 696 tolca,
640 610 695 697 qui
710 630 763 678 οοε
778 607 976 676 humilitatis
990 606 1143 674 societate
1161 605 1214 675 tin

104 694 172 762 mal
188 694 407 776 implicari
422 694 614 780 patiamini:
637 699 727 778 „laet
746 699 811 776 ενδ)
832 693 871 764 io
890 693 948 762 tic
968 691 1215 776 &trituratione

104 793 513 882 olettigeassulldntet
536 796 591 884 (oo
612 791 950 882 cistriacossulltoheo)
968 793 1036 864 coit
1056 782 1216 872 diatim

103 886 270 978 gitbtttss'
312 894 472 963 confudit
488 895 678 962 Titulucciuc
693 891 874 979 ouoonciyu
894 914 967 959 eum
987 891 1215 977 succurritne.
1245 935 1248 951 ι

103 983 335 1050 Oisiauccnus:
357 1028 379 1060 „
388 976 647 1066 συνεπάγεσθαι
661 981 731 1051 tuit
744 985 759 1064 i
763 982 808 1065 ic>
829 981 1068 1066 tregiitlltctt,
1089 981 1130 1066 (l)
1143 984 1170 1052 b.
1186 985 1215 1063 t).

104 1071 156 1154 fid>
173 1070 228 1137 coit
242 1073 370 1148 Sonent
388 1067 420 1137 io
435 1067 648 1153 ltlccbinbuoo,
670 1066 703 1136 in
718 1065 930 1148 demeioldrolt
954 1067 1036 1148 letto
1056 1067 1108 1152 (l).
1152 1063 1215 1150 lis,

149 1155 160 1218 i
176 1155 434 1240 συνεπάγεσθαι
447 1154 518 1230 τοῖς
536 1153 711 1228 ταπεινοῖς
728 1151 803 1240 poti
820 1172 855 1216 ιε
872 1150 971 1217 simod
991 1170 1065 1216 cum
1087 1151 1216 1220 miserto

125 1239 290 1305 ominibus
298 1239 331 1304 ln
340 1235 402 1340 jou
415 1239 491 1322 copi
504 1245 723 1320 enarrarunt,
745 1257 810 1302 uon
824 1257 909 1324 &usus
924 1233 1086 1324 loquendi
1102 1235 1216 1304 chetat

102 1327 196 1475 poam
213 1324 271 1411 qui
285 1324 319 1389 in
332 1347 391 1416 Jns
409 1323 606 1412 rapiuntur,
635 1323 722 1389 etin
742 1319 908 1388 carcere'm
931 1329 990 1388 aut
1010 1319 1054 1387 ad
1074 1331 1216 1392 mortem

126 1420 272 1476 ucuntur
289 1430 523 1496 nonnunquam
546 1408 745 1497 simpliciter
767 1402 966 1492 ἀπάγεσθαι
988 1406 1164 1478 dicuntur:
1183 1429 1216 1477 v.

101 1492 329 1578 Heindorfium
350 1494 392 1559 ad
414 1494 507 1562 Plat.
530 1493 635 1580 Gorg.
665 1517 693 1560 e.
715 1496 806 1579 sn),
835 1491 896 1558 sed
918 1500 1072 1562 contexta
1094 1496 1216 1580 oratio,

105 1601 193 1670 quae
205 1585 278 1658 τοῖς
290 1582 465 1657 ταπεινοῖς
478 1579 639 1648 Neutrum
654 1602 730 1645 esse
743 1578 904 1646 ostendit.

131 1721 133 1747 χ
187 1662 233 1751 μὴ
250 1663 385 1751 γίνεσθε
398 1660 560 1753 φρόνιμοι
574 1662 654 1753 παρ’
669 1661 820 1750 ἑαυτοῖς]
843 1664 944 1730 nolite
961 1663 1115 1732 nosmet
1135 1665 1217 1751 ipsit

102 1771 221 1836 cupere
234 1751 354 1832 uideri,
383 1752 430 1817 ita
446 1758 484 1817 ut
500 1771 519 1814 a
541 1751 666 1816 ceteris
686 1749 879 1816 hominihus
901 1748 1101 1838 sapientiam
1119 1751 1217 1842 ahju·

100 1834 224 1901 dicatis
240 1857 421 1923 eorumque
433 1835 573 1902 consilia
589 1836 772 1924 spernatis.
817 1832 869 1903 Gi.
884 1830 985 1902 Pron.
1000 1834 1073 1914 3,7.
1092 1843 1128 1902 et
1148 1844 1217 1904 not.
1341 1905 1344 1916 p

101 1920 286 2002 ad11,25.
323 1919 509 2008 Partieipia
543 1915 782 1998 ἀποδιδόντες,
819 1913 1085 2008 προνοούμενοι,
1119 1919 1219 2010 εἰρη-

66 2035 69 2066 ι
99 2003 256 2082 νεύοντες
274 2012 310 2069 et
331 2001 541 2082 ἐκδικοῦντες
563 2027 582 2069 a
606 2006 719 2072 verhis
737 2004 789 2093 μὴ
811 2002 994 2108 yivsqde
1009 2003 1137 2092 φρόνι
1177 2029 1220 2076 οι

101 2087 187 2176 παρ’
202 2084 335 2168 ἑαυτοῖς
346 2091 509 2178 pendent,
537 2091 560 2156 i.
579 2107 612 2180 q.
627 2089 677 2177 μή
700 2087 836 2176 γίνεσθε
857 2110 1022 2174 φρονιμοι
1041 2089 1122 2176 παρ’
1155 2113 1220 2158 cv-

101 2178 178 2251 τοῖς
198 2177 266 2240 νεὶ
286 2177 405 2260 μηδενὶ
417 2175 519 2242 κακόν
532 2171 607 2241 ἀντὶ
629 2179 733 2242 κακοῦ
755 2169 993 2242 ἀποδίδοτε
1016 2177 1087 2241 καὶ
1107 2197 1220 2262 προ-

100 2258 282 2325 νοεῖσθε
303 2258 391 2324 καλὰ
413 2269 489 2329 ιιι..
532 2261 695 2330 Fortasse
714 2258 842 2328 Paulus
864 2266 1080 2348 praeceptum
1100 2261 1220 2348 μηδενὶ

101 2340 207 2408 κατόν
222 2341 295 2409 ἀντὶ
307 2346 414 2430 κοινοῦ
428 2341 650 2429 ἀποδιδόντες
665 2367 738 2412 oum
754 2347 814 2412 hoc
827 2346 999 2435 postulato
1014 2344 1060 2433 μὴ
1081 2346 1219 2430 γίνεσθε

101 2423 268 2516 φρόνιμοι
282 2424 361 2514 παρ’
375 2424 507 2508 ioannis
519 2430 708 2520 conjunxit,
723 2430 812 2520 quod
825 2428 884 2497 τόν
898 2429 1219 2520 δοκησίσοφονιιοίε

99 2513 205 2580 nimio
220 2515 274 2580 sui
288 2536 400 2580 amore
417 2525 571 2582 teneatur
585 2517 722 2607 injuriis
737 2520 865 2583 laesum
884 2513 927 2581 ad
948 2515 1143 2602 exigendam
1166 2519 1219 2586 ui-

99 2600 226 2665 tionem
241 2600 380 2688 p'ronum
395 2623 488 2683 esse3
502 2605 612 2668 solere
628 2603 848 2686 meminisset.
871 2601 916 2666 V.
925 2602 977 2668 1⁷.
992 2603 1146 2688 μηδενὶ
1159 2627 1218 2670 κοι-

100 2680 160 2752 ads
179 2681 253 2750 ἀντὶ
271 2683 376 2751 κακοῦ
395 2683 630 2775 ἀποδιδόντες]
650 2689 805 2756 nemini
819 2687 935 2773 (etiam
950 2687 982 2752 si
997 2686 1147 2755 Iudaeus
1160 2690 1219 2774 sit,

101 2771 205 2836 etiarn
225 2771 257 2836 ei
276 2772 429 2857 gentilis)
448 2776 570 2839 mollem
590 2774 677 2840 merlo
695 2775 916 2859 rependentes.
968 2771 1091 2840 Graeci
1111 2773 1218 2841 virtu·

9 2865 10 2870 ’
101 2867 168 2920 tem
186 2879 261 2921 esse
276 2866 478 2926 censuerunt
492 2859 608 2945 aequis
622 2881 660 2924 ae
687 2881 763 2923 uum
785 2859 937 2944 iniquum
959 2866 1069 2923 autern
1090 2859 1219 2948 iniquis

100 2963 176 3006 esse
192 2945 238 3026 (v.
252 2943 479 3010 Hermunnum
494 2943 536 3007 ad
554 2943 656 3032 Soph.
704 2943 819 3008 hiloct.
835 2963 868 3008 v.
882 2943 972 3024 679.)
991 2949 1026 3005 et
1042 2941 1220 3012 Pharisaei
1313 2943 1318 2950 “

101 3028 144 3091 ab
161 3049 221 3106 eo,
244 3029 302 3115 qui
316 3026 474 3116 injuriam
489 3028 680 3109 intulisset,
702 3028 833 3092 oculum
854 3035 857 3044 ¹
881 3047 920 3089 ro
942 3026 1057 3107 oculo,
1087 3026 1219 3096 dentem

126 3135 163 3177 ro
185 3113 284 3184 dente
306 3111 502 3194 exigendum
524 3111 600 3180 esse
622 3113 854 3192 dictitarunt(
894 3111 980 3178 etth.
1003 3111 1126 3194 t,38.).
1166 3118 1220 3182 Ac

84 3135 235 3266 -ldhristi
252 3197 430 3288 disciplina
447 3200 509 3264 ulli
524 3199 649 3264 homini
666 3199 787 3264 melum
813 3219 874 3285 pro
896 3196 985 3262 molo
1003 3197 1145 3264 reddere
1164 3221 1220 3267 ve·
1243 3229 1247 3240 ³
1299 3257 1303 3262 .

102 3292 152 3349 tat
174 3283 355 3370 (ll'l‘hess.
375 3285 466 3370 d‚15.
490 3288 509 3350 l
533 3283 623 3353 Petr.
642 3286 716 3365 3,9.
737 3283 867 3366 2‚23.)‚
898 3283 964 3348 imo
982 3285 1152 3372 postulat,
1178 3295 1219 3354 ut
1291 3314 1293 3324 ·

103 3370 324 3455 gravissimas
350 3373 471 3459 plagas
493 3371 628 3437 silentio
650 3373 798 3437 ieramus
820 3374 856 3434 et
877 3370 1028 3450 vexatori
1049 3370 1219 3439 maxillam

102 3457 143 3520 ad
168 3455 402 3523 contumeliam
423 3457 641 3545 praebeamus
664 3457 802 3543 (Metel.
823 3455 931 3537 5,39.)
946 3455 985 3540 a)
1028 3455 1154 3522 Seneca
1177 3459 1219 3526 dc

136 3576 172 3640 *J
192 3575 301 3626 Primos
322 3572 492 3626 Christianos
513 3573 614 3628 Christi
632 3574 783 3647 praeceptis
803 3592 916 3643 prorsus
936 3572 1098 3627 satisfecisse
1120 3577 1219 3647 pagani

70 3687 72 3692 .
172 3643 398 3698 exclamationem
419 3643 490 3711 apud
509 3643 711 3701 Tertullianum
734 3643 881 3714 Apologet.
908 3661 932 3699 c.
950 3643 978 3696 8.
1005 3644 1096 3695 bonus
1122 3648 1168 3698 uir
1187 3645 1218 3702 G.

171 3715 276 3782 Scjus,
296 3723 410 3766 tantum
423 3716 499 3780 quod
514 3711 708 3766 Chrestianus!
722 3713 825 3770 ¹dooere
840 3713 1004 3766 Tholuccius
1023 3712 1057 3764 ad
1076 3713 1104 3770 h.
1126 3714 1147 3768 l.
1168 3715 1217 3768 oh·

173 3781 299 3838 serravit.
341 3784 439 3850 ltaque
455 3778 635 3845 Τδιοδιιειὶιιε,
659 3801 743 3853 quum
765 3783 967 3836 Tertullianum
987 3797 1046 3836 non
1062 3782 1218 3846 evolvisset,

154 3917 159 3934 x
176 3851 274 3922 pagani
290 3851 370 3904 rerba
388 3851 427 3903 sic
444 3850 639 3933 interpretatus
658 3860 712 3904 est:
737 3851 827 3904 honus
850 3851 891 3931 vir
908 3861 948 3904 est
962 3852 996 3902 C.
1010 3849 1089 3920 Sejue
1110 3859 1217 3934 lentum

135 4002 142 4022 x
173 3919 1041 4065 ttttf‘sitnl'lllqltl'ellitlreilltlilltltlil?·
1056 3919 1219 4046 lldllrltl

177 4058 257 4112 verba
271 4058 339 4112 haec
350 4069 428 4111 sunt:
452 4093 470 4126 „
478 4057 567 4128 Quid,
592 4059 667 4128 quod
682 4060 718 4112 ita
732 4057 855 4130 plerique
867 4056 965 4112 clausis
977 4055 1067 4114 oculis
1079 4058 1218 4114 inedium

25 4147 26 4152 ¹
107 4171 109 4176 .
175 4127 234 4196 ejus
250 4127 447 4193 (dioilnomcn
461 4128 808 4200 Christianilimpingunl,
835 4127 983 4185 uthonurn
999 4124 1079 4182 elicui
1097 4129 1218 4183 testimo·

175 4199 253 4250 nium
271 4195 390 4250 ferentes
403 4195 568 4251 admisceant
578 4199 704 4250 nominis
716 4196 991 4262 exprobrationem.-
1014 4197 1113 4254 Bonus
1125 4201 1170 4252 uri·
1185 4199 1216 4256 C.

175 4265 278 4336 sajus,
310 4275 424 4320 tontum
446 4269 521 4332 quod
535 4265 722 4322 Christianus.
763 4265 832 4320 ilem
849 4263 937 4319 aliuco
962 4266 1024 4332 Ego
1042 4269 1133 4321 miror
1153 4269 1217 4323 Lu-

175 4337 266 4405 cium,
284 4340 444 4400 sapientem
457 4337 569 4404 vuum,
583 4346 697 4401 repente
703 4338 819 4405 sactum
834 4335 1038 4390 Christthnum.
1073 4335 1160 4393 Nemo
1175 4359 1218 4392 re·

177 4412 292 4474 uectat,
312 4423 346 4460 ne
359 4403 423 4460 ideo
437 4407 528 4460 bonno
541 4405 624 4479 Cujus
646 4416 672 4462 et
690 4405 810 4480 prudens
823 4403 940 4476 Lucius,
962 4404 1027 4479 quic
1037 4405 1216 4479 Christianus,
