2776 5018
86 353 90 363 “
172 405 242 474 αν
344 403 1076 528 1συνουσίαΑυιεοακοεοε
1194 477 1199 504 ,
1313 396 1330 421 ·“

170 568 250 648 gnte
264 565 474 650 excogitavit.
518 563 658 634 Planum
675 573 727 631 eet
741 565 828 633 enirn
850 589 891 636 co
906 571 1011 656 magis
1034 593 1096 638 non
1119 570 1277 640 ferientis

170 649 354 717 Christiani
367 655 525 741 pietatem
545 653 772 719 affirmandum
796 653 919 734 tuisse,
948 656 1036 744 quod
1058 657 1219 724 ferientes
1239 667 1277 724 et

169 755 234 801 non
256 737 415 804 ferientes
430 737 639 806 Christianos
659 739 752 805 void,
774 739 928 804 distinxit
949 763 1054 829 neque
1073 742 1140 806 ulio
1162 745 1276 810 consi-

168 819 216 887 lio
231 839 360 890 versum
373 827 406 892 6.
427 823 573 905 addidit,
602 823 668 888 nisi
690 833 727 888 ut
748 834 883 890 neutros
903 833 991 892 reete
1013 827 1159 916 culpari,
1181 851 1276 916 ¹quo-

167 907 256 972 nium
285 910 566 996 utrique-pietate
588 907 802 990 ducerentur,
829 912 1031 978 ostenderet.
1082 911 1157 999 Qum
1182 915 1274 980 facto

73 1037 77 1045 -
115 1003 119 1008 ”
167 993 304 1058 eandem
319 1015 393 1060 esse
414 1014 477 1060 noo
498 994 734 1058 abstinentium
756 1001 790 1059 et
807 995 1041 1063 abstinentium
1058 997 1276 1066 Christiano-

58 1130 62 1150 ,
166 1098 240 1144 rum
257 1101 388 1145 eausam
410 1081 547 1148 monuit.
591 1073 705 1144 Verba
726 1080 782 1144 καί
803 1075 822 1145 ὅ
841 1078 888 1164 μή
911 1081 1043 1168 φρονῶν
1063 1082 1122 1168 τὴν
1142 1081 1275 1170 ἡμέραν

28 1225 34 1234 ,
167 1159 271 1250 κυρίῳ
291 1163 331 1231 οὔ
351 1167 469 1250 φρονεῖ
494 1171 630 1252 propter
652 1165 932 1232 homoeoteleuton
955 1168 1165 1234 intercidisse
1187 1191 1273 1253 pre-

28 3793 34 3799 ·
147 3761 269 3852 ltaque
285 3761 341 3849 qui
353 3767 448 3844 orato
462 3759 496 3823 in
509 3759 616 3824 Deum
630 3757 738 3822 animo
751 3751 806 3840 (ί)
828 3757 918 3820 curui

166 1249 255 1316 corio
270 1250 413 1319 criticos
428 1257 574 1317 statuere
597 1271 660 1316 uon
683 1253 767 1316 satis
790 1253 997 1318 considerate
1014 1251 1171 1336 Meyerus
1192 1275 1273 1318 oon·

166 1330 292 1418 tendit,
312 1357 411 1424 quum
425 1334 459 1401 in
477 1343 591 1404 nostro
605 1357 701 1404 verso
717 1337 850 1404 librarii
865 1338 963 1402 etiem
978 1338 1043 1404 alio
1059 1339 1156 1404 verbu
1174 1360 1271 1428 proe-

163 1422 373 1487 termiserint
387 1423 659 1490 homoeoteleutis
676 1424 709 1490 in
723 1424 872 1490 fraudem
893 1423 1039 1492 adducti.
1082 1424 1270 1490 16666166
1296 1491 1300 1498 ,

140 1497 292 1588 Ιἡμέραν
313 1530 416 1594 usque
440 1510 481 1573 od
506 1504 648 1594 ἡμέραν,
683 1510 717 1573 in
739 1513 794 1578 71.
817 1512 861 1576 ol.
885 1509 927 1574 uh
948 1507 1060 1576 dodico
1091 1531 1195 1597 usque
1223 1509 1270 1574 ad

132 1637 135 1646 -
164 1589 277 1664 ἐσθίει
300 1601 333 1658 et
353 1597 385 1658 in
400 1593 462 1661 Mt.
480 1595 513 1661 8.
534 1617 553 1658 o
572 1596 645 1681 θεῷ
666 1617 770 1682 usque
792 1595 833 1660 od
857 1595 931 1681 θεῷ
951 1597 1058 1660 soltus
1079 1597 1185 1661 iactus
1204 1603 1270 1662 est.
1335 1637 1339 1648 ·

163 1675 232 1744 Sed
246 1681 352 1743 omnis
367 1676 529 1745 dubitatio
545 1678 586 1745 de
601 1681 773 1746 verborum
789 1682 844 1746 καί
859 1676 877 1744 ὁ
891 1681 936 1767 μὴ
951 1678 1083 1766 φρονῶν
1103 1681 1161 1766 τὴν
1181 1672 1269 1768 ἦμέ-

162 1785 224 1849 ραν
237 1763 340 1850 κυρίῳ
356 1761 395 1829 οὗ
409 1769 527 1850 φρονεῖ
539 1765 732 1850 integritate
748 1787 787 1832 eo
802 1766 943 1848 tollitur,
958 1763 1046 1854 quod
1062 1766 1174 1831 eodem
1196 1767 1269 1830 iere

160 1865 328 1946 subsidia,
363 1887 447 1952 quae
469 1867 528 1930 iilo
559 1889 590 1934 v.
619 1875 849 1955 praetereunt,
882 1855 946 1928 καί
976 1860 1143 1934 tractor
1163 1857 1267 1954 prod

74 2012 76 2019 .
161 1947 287 2017 deditur
301 1951 434 2020 hubent.
484 1952 573 2017 Hine
591 1974 655 2018 non
677 1955 782 2017 solunt
805 1952 844 2018 τὸ
868 1951 1120 2032 ὁμοεοτέλευτον
1141 1959 1268 2037 (φρο-

160 2040 279 2101 νεῖ-
294 2036 333 2102 οὐ
348 2041 533 2124 φρονεῖ),
555 2038 612 2102 sed
628 2039 725 2104 etiorn
746 2038 783 2104 τί
810 2035 1049 2121 ὃμοιόαρκτον,
1077 2058 1176 2123 quum
1197 2039 1267 2102 uui

158 2128 236 2187 unte
259 2115 344 2208 d'uri
368 2121 500 2210 φρονῶν
520 2145 592 2187 eum
617 2125 684 2188 καί
705 2133 780 2188 sorte
809 2119 827 2188 ὁ
856 2121 982 2188 ἐσθίων
1008 2122 1267 2188 contunderetur
1325 2195 1327 2198 ¹

162 2209 245 2306 (καὶ
272 2209 291 2282 ὅ
305 2221 351 2308 μὴ
366 2244 425 2308 φρ.
437 2272 444 2286 .
456 2269 481 2288 ..
498 2211 562 2284 καὶ
584 2217 601 2289 ὁ
618 2219 758 2304 ἐσθίων)
773 2222 1002 2288 vocabulorum
1013 2223 1071 2286 καί
1085 2219 1102 2285 ὁ
1115 2218 1161 2306 μὴ
1173 2242 1266 2306 φρο-

71 2379 74 2386 ,
159 2305 291 2394 νῶντὴν
304 2303 427 2391 ἡμέραν
446 2308 549 2396 κυρίῳ
570 2304 610 2372 ori
631 2313 748 2392 φρονεῖ
768 2309 985 2372 omissionem
1002 2306 1171 2396 peperisse
1192 2307 1265 2372 eiii·

157 2394 255 2460 eitur.
300 2393 473 2460 Potuisset
489 2393 527 2462 P.
543 2388 737 2469 ὡσαύτως
752 2389 770 2458 ὁ
787 2390 912 2458 tuctu»
935 2393 1002 2459 κτλ.
1017 2393 1181 2472 scrihere,
1204 2391 1264 2456 sed
1337 2437 1344 2448 -

157 2480 343 2566 exemplum
360 2499 460 2566 supra
475 2500 507 2547 v.
520 2479 553 2546 2.
567 2477 711 2564 positum
728 2499 789 2586 per
807 2477 865 2542 καί
878 2479 1265 2566 simpliciteruonertere
1385 2511 1387 2546 ε

157 2567 286 2632 meluit.
321 2566 391 2629 ,καὶ
411 2559 428 2628 ὃ
451 2561 576 2629 ἐσθίων
597 2559 700 2648 κυρίῳ
721 2562 850 2649 codice]
880 2571 912 2630 et
932 2584 993 2628 non
1016 2564 1196 2648 abstinens,
1225 2569 1265 2630 ut

157 2652 317 2718 dominum
334 2650 534 2732 (Christum)
549 2649 666 2716 honore
679 2646 829 2734 afliciat,
857 2669 919 2712 non
932 2647 1071 2713 σίείίυσί
1091 2647 1165 2734 (εε6
1189 2669 1263 2713 eur-

156 2737 254 2803 uihus
280 2736 426 2804 vescitur
446 2757 476 2800 v.
498 2737 560 2820 2.).
610 2731 717 2800 causa
738 2735 897 2821 proximis
919 2733 1030 2798 verbis
1054 2734 1264 2800 continetur:

154 2817 342 2910 εὐχαριστεῖ
355 2818 418 2905 γὰρ
431 2817 480 2904 τῳ
492 2819 567 2903 θεῶ
578 2837 653 2883 nom
666 2821 794 2902 oratius
807 2819 877 2902 αῳίί
891 2820 963 2884 Deo
986 2840 1043 2905 up.
1066 2840 1125 2905 pro
1148 2820 1262 2900 coensi,

156 2929 254 2994 quarn
270 2906 334 2972 sibi
349 2926 534 2970 concessum
556 2925 630 2994 esse
651 2911 747 2991 putot
769 2909 816 2986 (v.
834 2903 934 2972 Deut.
955 2903 1055 2984 8,10.,
1072 2903 1192 2971 matth.
1209 2906 1263 2984 14,

94 3055 97 3080 ,
140 2989 597 3073 '19.15‚3t.26‚26.1cor.
621 2989 733 3068 lo‚30.
759 2987 881 3056 lTim.
905 2988 980 3068 t‚4.
1003 2990 1060 3070 5.).
1105 2987 1261 3054 Precatio

101 3111 105 3116 ·
154 3079 198 3144 od
211 3099 345 3144 coenum
360 3079 443 3144 hunc
458 3077 548 3165 pium
564 3095 642 3158 erge
658 3073 766 3137 Deum
782 3082 882 3160 atque
896 3074 977 3138 adeo
996 3095 1073 3157 ergo
1090 3073 1261 3141 Christum

152 3172 358 3230 reverentem
380 3184 454 3227 esse
475 3161 588 3240 ducet,
615 3159 673 3246 qui
694 3181 732 3224 so
757 3161 895 3224 oonsilio
919 3158 959 3223 sd
984 3159 1131 3224 homiues
1151 3161 1260 3247 putris

152 3249 205 3315 sui
219 3251 351 3334 legatus
365 3247 473 3325 venit,
496 3256 532 3310 ut
546 3267 603 3309 eos
617 3246 691 3331 pios
713 3262 790 3328 erga
810 3243 916 3308 Deum
940 3242 1094 3310 redderet
1107 3248 1188 3312 Act.
1204 3247 1259 3325 26,

151 3337 219 3402 18..
268 3333 356 3398 Hinc
379 3333 585 3398 Christianos
608 3351 686 3413 erga
708 3328 817 3394 Deum
838 3331 912 3418 pios
935 3330 1035 3396 etium
1061 3351 1139 3414 erge
1160 3327 1261 3397 Chri·

102 3412 104 3418 ’
152 3427 239 3486 stum
263 3441 337 3484 esse
360 3425 394 3482 et
415 3425 531 3482 eontra
553 3423 641 3481 recte
663 3415 882 3482 conciuditur.
938 3413 1059 3502 Itaque
1080 3416 1255 3481 Rueehorti

150 3507 288 3590 nmhsge
303 3525 366 3569 non
381 3524 465 3590 opus
481 3508 550 3568 est:
580 3499 665 3565 nihil
679 3522 742 3566 noo
757 3501 913 3568 Christus
934 3501 1029 3581 iecit,
1058 3511 1096 3565 ut
1111 3500 1176 3566 Dei
1196 3500 1258 3565 ho·

149 3613 262 3658 norem
282 3596 509 3678 promoveret:
541 3585 653 3652 eodem
676 3587 826 3652 homines
848 3607 925 3650 vers
946 3586 1122 3652 christiani
1144 3585 1257 3652 omnio

148 3679 300 3752 reierunt
318 3678 355 3760 (l
376 3674 452 3742 Cor.
476 3672 624 3759 10‚31.),
654 3669 780 3738 Christi
800 3677 977 3820 ῳεεεοοῳίο
998 3671 1257 3821 ερῐίείεοίῳυῐοτέ

944 3777 1018 3821 use
1055 3777 1240 3823 vesorure

147 3871 213 3915 non
228 3849 373 3914 vescitur
389 3843 559 3912 Christum
573 3863 609 3908 se
629 3843 774 3907 revereri
797 3841 958 3927 ostendit,
986 3843 1109 3930 quippe
1129 3841 1258 3906 tociens

149 3933 239 4022 quod
255 3934 410 4001 Christos
425 3929 498 3994 fieri
514 3931 596 3996 vuit.
639 3926 716 3992 Non
732 3933 820 3991 reete
836 3927 943 3992 heich.
957 3937 992 3992 et
1002 3925 1120 4028 Rostris.
1143 3947 1173 3992 v.
1190 3925 1256 4029 ⁸rri-

143 4013 729 4184 tttttt:tt'tttttthttt
743 4021 826 4162 iiii
837 4011 1256 4184 tttthitthtitht

146 4209 228 4256 usus
250 4189 400 4255 stabiliat
419 4184 685 4272 (Matth.15,36.
708 4181 817 4249 lCor.
838 4184 947 4263 lo,3o.
969 4186 987 4248 l
1004 4182 1093 4249 Tim.
1106 4183 1179 4265 4‚4.
1194 4183 1255 4265 6.).

144 4273 236 4366 Ipsi,
259 4275 386 4339 sibene
402 4295 460 4339 eos
473 4273 677 4355 interpretor
689 4265 894 4354 εὐχαριστεῖν
911 4275 970 4334 out
984 4267 1028 4332 ud
1043 4269 1131 4351 groti
1147 4269 1253 4333 enimi
1282 4283 1287 4290 ¹

143 4361 409 4428 testificationem
436 4358 524 4422 inter
544 4353 751 4420 ceruendum
772 4355 991 4434 rettulerunt,
1027 4363 1087 4418 uut
1107 4354 1254 4438 oratiam

71 4477 75 4483 ·
142 4447 260 4517 habere
272 4445 524 4532 explicuerunt·
556 4444 609 4510 At
625 4437 733 4505 Paulo
747 4434 951 4524 εὐχαριστεῖν
967 4438 1098 4524 ytatius
1119 4455 1252 4528 nycte,
