2860 5016
25 215 33 228 ’
133 271 157 342 o
319 238 1040 358 'crrsrooasucousuos

51 447 54 454 ·
139 416 1243 516 Quemquamnelraecquidemrerlaaonueoxppcrlieodsofcidoo
1366 464 1368 472 ,
1419 403 1421 420 ι

138 500 247 593 τούτῳ
260 509 331 594 Ap.
344 517 469 580 temere
484 533 544 576 suo
558 519 732 600 praecepto
747 513 1032 598 μεταμορφοῦσθε
1041 509 1084 600 τῇ
1108 449 1245 576 ieonoc-

140 586 896 685 ooiosceodoodgdociopraeposuit(cl.iulra).
913 595 1245 680 infirmisargumen·
1282 597 1284 608 ¹

140 675 188 740 us
203 677 404 746 ltoecltertos‘
417 681 500 746 hano
514 683 822 772 interpretationem
837 704 855 744 a
869 681 1006 763 Meyero
1023 692 1112 748 recte
1126 683 1245 748 initam

142 761 362 848 impugnavit.
404 765 490 831 Nam
511 769 653 856 primum
675 765 805 854 quidem
825 765 896 844 τοῖς
915 760 1047 845 στόμασι
1068 765 1142 853 τὴν
1199 789 1247 832 ν-

141 845 234 932 κήν,
258 849 416 916 νοητὸν
436 851 540 931 cotio¹
552 853 673 942 opponi
688 853 842 916 debuisse
858 863 983 929 temere
999 851 1133 944 objecit.
1192 850 1246 917 ide

64 983 67 989 «
142 935 176 1012 7,
191 936 245 1001 23.
262 957 355 1042 sqq„
380 937 436 1000 irbi
452 935 469 1000 ὁ
484 937 561 1015 νοῦς
575 945 645 1016 τοῖς
658 935 793 1020 μέλεσιν
809 945 844 1002 ct
858 936 905 1022 τῷ
919 929 1048 1018 στόματι
1064 937 1249 1020 (v.23.24.)

145 1023 180 1082 et
194 1039 224 1086 v.
239 1019 294 1086 25.
312 1043 330 1085 o
348 1021 425 1098 νοῦς
437 1025 478 1111 τῇ
491 1021 591 1108 σαρκί
605 1024 793 1111 opponitur.
825 1021 955 1087 Deinde
972 1023 1107 1087 obstare
1116 1021 1178 1111 Me
1200 1023 1248 1088 eri
1348 1017 1353 1039 '

146 1107 331 1192 sententiae
345 1110 444 1171 rerba
460 1106 518 1192 τὴν
533 1107 665 1196 λογικὴν
679 1105 835 1192 λατρείαν
847 1103 955 1188 ὑμῶν,
978 1047 1244 1194 quandoquiiem

146 1191 297 1278 corporis
320 1193 515 1258 castimonii
543 1189 699 1279 ὴλσγικὴ
724 1193 990 1260 Christianorum
1020 1183 1158 1277 λα’τρεία
1184 1213 1248 1259 con

145 1282 216 1340 totu
230 1277 457 1359 contineatur,
480 1275 538 1343 sed
554 1281 705 1364 corporis
719 1280 849 1366 puritas
864 1279 924 1365 τῆς
939 1275 1073 1362 λογικῆς
1090 1273 1247 1365 λατρείας
1333 1327 1336 1334 ι

146 1376 227 1445 pars
249 1363 294 1425 sit
316 1366 419 1450 eaque
441 1366 573 1428 tenuior
598 1370 688 1449 (nam
708 1367 869 1449 potiorem
889 1363 962 1451 ejus
979 1375 1108 1450 partem
1129 1359 1247 1428 menete

146 1445 373 1530 integritatem
390 1452 498 1534 esse),
519 1471 635 1534 parum
648 1457 742 1513 caute
756 1450 854 1515 dixit.
882 1447 1039 1513 Licuerat
1054 1469 1132 1512 sano
1144 1445 1249 1511 Paulo

145 1531 193 1594 ita
211 1534 319 1619 loqui:
342 1535 528 1618 moneamini
545 1528 602 1600 οὖν
613 1528 715 1617 ὑμᾶς’,
738 1529 892 1620 ἀδελφοί,
912 1531 1050 1598 deducio
1065 1529 1249 1617 οἰκτιρμῶν

146 1613 208 1680 τοῦ
226 1619 313 1684 θεοῦ
342 1617 560 1706 παραστῆσαι
597 1619 638 1683 τὰ
670 1615 808 1700 σώματα
844 1611 936 1700 ὑμῶν
956 1613 1088 1682 θυσίαν
1119 1614 1244 1696 ζῶσαν,
1312 1645 1319 1648 ·

64 1718 87 1753 '·
147 1691 260 1784 ἁγίαν,
297 1699 540 1790 εὐάρεστσντῷ
559 1705 633 1790 θεῷ
663 1709 732 1769 καὶ
760 1697 1099 1782 κατασκευάζειν
1127 1697 1247 1785 ispo·
1300 1727 1305 1738 ¹

147 1791 330 1870 πραιτεῖς
358 1783 432 1864 τοὶς
463 1788 660 1866 διανοίας
687 1782 799 1870 ὑμῶν
827 1789 887 1873 (cl.
908 1787 1006 1854 Philo
1027 1787 1131 1862 Liber
1154 1789 1248 1872 quis·
1367 1859 1370 1868 Ι

148 1873 225 1956 ptris
241 1875 357 1938 virtuti
371 1874 484 1940 studet
499 1871 549 1954 ll,
560 1873 638 1940 457.
653 1873 706 1940 ed.
721 1872 868 1958 Meno),
888 1869 960 1958 τήν
982 1869 1156 1957 λογικὴν
1178 1873 1250 1934 λα-

54 1964 59 1971 ’
145 1953 292 2038 coetae
311 1952 397 2040 ripaei
405 1985 432 2025 ν.
476 1959 542 2023 Sed
563 1960 632 2024 colei
648 1981 704 2024 cor
730 1959 798 2024 oris
813 1956 1005 2022 castimonii
1023 1962 1092 2045 Ap.
1106 1957 1250 2021 hostiam

81 2061 84 2084 ¹
146 2041 222 2105 Deo
236 2042 685 2130 offerendam-externumque
700 1981 965 2110 iibristiauorum
980 2043 1102 2106 ccultum
1118 2042 1251 2107 absolvi
1272 2083 1274 2091 ,

146 2129 190 2208 (r.
208 2129 272 2210 1.)‚
294 2131 534 2204 meutis'autem
551 2131 775 2210 iutegritatem
798 2131 858 2193 lroc
880 2130 924 2192 iis
943 2126 1169 2192 commendare
1192 2149 1250 2191 vo·
1323 2170 1327 2182 ι

146 2211 231 2294 luit,
256 2213 343 2300 quod
357 2237 414 2279 eos
431 2215 513 2278 mala
534 2215 692 2278 malorum
711 2215 767 2300 qui
781 2236 799 2277 a
814 2214 941 2280 Christi
954 2213 1131 2298 disciplinis
1147 2211 1250 2280 alieni

146 2301 261 2360 essent
278 2301 443 2364 horarinum
461 2300 571 2364 studia
593 2299 800 2365 abominatos
818 2319 931 2364 novom
951 2306 1091 2362 mentem
1113 2295 1252 2362 iuduere

142 2380 335 2470 juberettv.
350 2387 412 2467 2.).
454 2385 522 2452 Cur
539 2388 617 2450 haec
634 2387 721 2450 ratio
735 2405 832 2470 quam
855 2385 913 2450 illa
936 2383 967 2448 ei
991 2381 1095 2466 magis
1115 2384 1253 2470 placue÷
1309 2400 1314 2410 ’
1335 2385 1336 2388 ’

145 2469 212 2548 rit,
233 2467 274 2532 de
289 2471 349 2534 hoo
364 2480 489 2534 temere
504 2493 575 2540 cum
597 2491 634 2534 eo
653 2471 865 2558 expostules,
892 2468 1047 2555 quoniam
1071 2467 1122 2533 via
1144 2467 1186 2530 ab
1209 2488 1250 2532 eo

29 2598 31 2608 κ
145 2552 230 2616 inita
252 2563 341 2619 recte
363 2555 545 2644 vituperari
567 2557 693 2643 nequit.
743 2553 861 2620 Potest
889 2553 975 2618 onim
1004 2561 1250 2640 etcorporum,

108 3073 112 3082 ,
148 3061 156 3077 0

57 2649 61 2657 '
146 2659 228 2723 σασα
247 2641 305 2705 sud
326 2652 439 2704 setosus
460 2643 597 2720 cadunt,
628 2640 822 2705 castimonia
836 2637 975 2707 hostiae
999 2658 1083 2725 quae
1098 2638 1172 2703 Deo
1188 2637 1250 2702 iru-

146 2725 290 2788 moletur
307 2725 489 2790 assimilari
504 2725 643 2816 ejusque
659 2726 784 2790 oblatio
799 2733 955 2788 externus
970 2717 1083 2788 Cultus
1101 2722 1210 2800 videri
1228 2744 1250 2786 a
1304 2793 1315 2804 ,

146 2807 349 2892 Christianis
371 2809 443 2874 Deo
466 2811 704 2898 praestandus,
736 2819 770 2875 et
799 2809 1034 2893 integerrimae
1059 2809 1179 2873 mentis
1198 2809 1250 2872 in-

85 2908 90 2926 '
141 2890 270 2984 junctio
286 2896 345 2960 heo
359 2896 583 2982 postulatione
597 2897 779 2978 illustrari,
801 2895 865 2982 quai
881 2895 1024 2980 aliquem
1040 2894 1125 2958 malai
1146 2895 1250 2958 malo-

145 2999 219 3042 rum
237 2981 402 3045 hominum
420 2990 526 3046 mente
540 2981 693 3070 depositio
705 3003 820 3047 nouom
832 2981 901 3046 sibi
919 2990 1057 3044 mentem
1079 2998 1249 3049 assumere

140 3066 276 3152 Juheas.
318 3065 460 3132 Accedit
481 3068 568 3154 quod
585 3071 657 3155 Ap.
677 3065 805 3154 aliquid
826 3076 987 3151 sequutus
1006 3083 1085 3140 ¹esse
1107 3065 1250 3131 videtur.

29 3148 34 3161 ¹
145 3151 315 3216 Nimirum
336 3160 425 3216 retta
439 3155 533 3234 ratio
555 3160 589 3218 et
610 3155 692 3216 hona
716 3152 837 3216 mentis
859 3153 1011 3216 volumtas
1028 3170 1127 3237 quum
1143 3150 1250 3214 oculis

145 3236 237 3300 cerni
253 3246 394 3324 nequeat
410 3237 451 3302 ad
466 3237 638 3304 externum
655 3238 713 3324 qui
728 3237 802 3301 Deo
818 3258 835 3298 a
851 3236 1054 3303 Christianis
1075 3241 1250 3322 praestan-

145 3321 208 3386 dus
223 3335 313 3385 esset
328 3324 450 3386 cultram
467 3345 529 3387 uon
546 3332 635 3387 recte
650 3322 772 3387 referri
789 3321 894 3386 Paulo
910 3321 980 3384 risa
996 3329 1067 3387 cst.

211 3406 400 3470 ¹Mirabilia
417 3407 614 3472 ltoeclsertos
634 3407 845 3490 excogitavit.
890 3406 1011 3470 Dicere
1033 3397 1172 3470 Paulum
1193 3423 1250 3468 vo-

143 3490 269 3572 luisse,
298 3499 403 3556 totam
419 3494 521 3557 vitam
543 3499 689 3557 nostram
706 3494 781 3558 Deo
801 3489 1014 3556 dedicandam
1030 3513 1105 3557 esso
1120 3509 1251 3555 omues·

108 3640 109 3644 ,
147 3597 211 3662 τρια
235 3589 369 3661 nostras
390 3578 590 3642 actionesei
607 3575 860 3642 consecrandas.
886 3575 952 3642 Sed
969 3597 1037 3640 reru
1051 3595 1251 3656 consecrau-

144 3663 219 3726 dam
232 3683 304 3724 enm
318 3663 442 3728 tostico
454 3663 640 3727 assimilare
655 3663 834 3742 statuisse,
856 3663 889 3730 lr.
903 3683 934 3728 e.
948 3661 1145 3742 munusculo,
1158 3657 1248 3746 quod
1299 3719 1303 3730 „
1345 3723 1347 3731 .

30 3758 32 3771 ·
143 3747 183 3810 de
197 3755 251 3811 tuo
267 3748 438 3828 largiaris.
477 3751 534 3813 'At
546 3751 693 3812 actiones
708 3769 806 3833 opero
820 3745 985 3811 hominum
1000 3769 1093 3826 esse,
1118 3767 1181 3810 non
1195 3765 1249 3810 reo

121 3830 509 3918 'quospossidecnttlt
553 3831 677 3897 Potare
702 3844 811 3898 autem
826 3829 968 3898 Paulum
990 3831 1133 3918 hominis
1152 3852 1247 3896 men·-
1328 3901 1331 3920 Ι

143 3923 208 3980 tem
232 3917 340 4004 ipsum
364 3919 526 3984 hominem
547 3941 622 3982 esse
647 3921 800 4000 (7‚20.)‚
835 3919 898 4004 qui
919 3938 1039 4006 corpus
1065 3916 1247 4004 possideat.

141 3997 263 4086 ltaque
284 4004 507 4088 Apostolum,
537 4012 575 4068 ut
598 4004 739 4069 Romani
760 4001 801 4067 de
822 4021 882 4068 suo
898 4025 1016 4067 munus
1031 4003 1104 4068 Deo
1119 4001 1248 4081 darent,

133 4084 284 4175 jussisse
300 4109 509 4173 eoscorporo
525 4111 585 4154 orco
607 4091 641 4155 lr.
658 4111 689 4156 e.
713 4111 851 4154 omnes
874 4090 1096 4172 appetitos
1117 4095 1154 4152 et
1176 4093 1247 4150 ot-

139 4191 208 4234 res
237 4174 377 4237 hostiam
399 4174 475 4239 Deo
503 4173 626 4240 offerre
654 4197 761 4262 eoquo
787 4173 954 4246 indicasse
985 4175 1016 4238 si
1041 4173 1076 4238 id
1103 4172 1250 4235 lacerent.

140 4257 251 4342 ipsos
272 4255 332 4345 ’τὴν
346 4256 655 4350 λογικὴνλατρείαν
674 4261 749 4328 Deo
763 4267 944 4350 'praestare
957 4245 1040 4347 (ll).
1090 4254 1249 4325 Pretorio
1269 4319 1272 4326 .
