2860 5016
390 307 393 314 ’
499 325 728 400 onexu.
773 327 909 398 rea..
1133 328 1254 434 ,ao
1346 341 1354 360 r

43 569 44 572 Ἴ
151 486 214 553 nisi
224 482 322 570 pidem
336 489 400 572 qud
408 485 572 552 Christum
589 483 741 552 anthino
753 485 887 551 missum
901 489 1096 551 seruatorem
1108 487 1252 574 piopru·

43 573 44 576 ’
150 581 242 659 toque
262 571 369 636 ultimo
393 591 548 656 cupresseae
570 569 671 652 (ul,
693 592 726 658 p.
748 573 832 652 tlh).
873 573 956 635 Eam
979 566 1107 636 Paulus
1134 595 1153 638 a
1177 573 1251 640 Doo
1322 574 1324 583 '

42 671 43 674 ’
149 659 244 723 nobis
260 656 531 723 distrihuidixit.
574 656 677 722 Recte
691 657 776 721 enim
796 655 843 744 pii
867 655 1015 721 homines
1034 658 1142 721 omnia
1166 659 1252 725 hona

146 765 164 808 a
186 742 409 822 sanctissimi,
443 743 684 830 sapientissimi
706 751 739 806 et
760 740 991 824 benignissimi
1011 741 1077 806 Dei
1100 744 1252 808 modera-

145 829 234 903 tione
257 838 408 915 repetere
429 829 517 893 sueti
539 849 618 892 sana
643 827 799 908 consilia,
833 829 938 891 bonae
960 828 1142 892 voluntatis
1171 851 1250 893 con-

145 913 301 978 stantiam
326 921 361 976 et
380 902 518 978 virtutis
541 912 743 978 incrementa
767 911 832 978 sibi
855 934 873 976 a
897 912 971 977 Deo
994 913 1160 1002 proticisci
1183 924 1233 980 sta

144 1003 243 1064 tuunt
260 995 363 1080 (Phil.
378 997 499 1083 2‚13.).
543 997 622 1064 Non
636 1006 689 1064 est
701 997 754 1063 hic
768 999 793 1066 1.
809 1000 884 1064 ex'l
900 997 978 1066 (lor.
996 999 1087 1080 12‚9.
1107 1012 1141 1064 et
1157 999 1208 1078 13,
1216 955 1252 1069 2:

143 1082 371 1172 explicandus.
414 1081 501 1149 Nam
521 1085 570 1150 ibi
592 1083 707 1160 πίστις
729 1083 769 1148 de
789 1083 973 1150 tortissimi
996 1092 1029 1149 et
1049 1087 1251 1149 constantis-

142 1169 226 1234 simi
247 1168 312 1236 fide
335 1165 478 1253 legitur,
517 1191 602 1257 quae
625 1178 659 1233 te
680 1167 722 1232 ad
745 1167 905 1256 patranda
929 1170 1088 1233 miracula
1111 1173 1146 1253 (l
1169 1169 1250 1238 Cor.

140 1255 251 1339 13‚2.)
269 1261 303 1320 et
318 1253 360 1318 ad
385 1253 511 1344 majora
534 1276 686 1336 munera,
709 1276 794 1340 quac
816 1255 850 1320 in
871 1255 1009 1320 ecclesii
1033 1256 1153 1338 obeas,
1177 1255 1249 1321 ido·
1378 1272 1381 1292 '

36 1413 38 1423 1
139 1361 236 1407 neum
251 1337 382 1406 reddat.
426 1345 477 1406 At
491 1349 606 1407 nostro
619 1343 692 1405 loco
708 1340 748 1410 l'.
769 1339 914 1405 omnibus
932 1341 1066 1405 omnino
1083 1339 1249 1407 Christia-

137 1427 208 1506 nis,
232 1425 291 1513 qui
307 1427 432 1490 llomae
446 1435 579 1507 essent,
601 1426 811 1515 praecipitet
824 1427 990 1512 unicunque
1008 1446 1119 1490 eorum
1137 1426 1247 1492 Deum

67 1535 69 1542 ’
138 1512 284 1597 aliquam
301 1509 379 1576 fidei
395 1531 580 1577 mensuram
603 1511 818 1578 distribuisse
841 1509 994 1576 affirmat.
1037 1515 1106 1577 lmo
1128 1521 1165 1577 ut
1188 1534 1248 1577 no·

136 1605 209 1661 ster
232 1598 257 1664 l.
277 1597 599 1684 recte‘intelligatur
621 1599 701 1663 haec
722 1595 863 1663 tenenda
888 1606 976 1664 sunt.
1028 1595 1095 1662 Pro
1126 1598 1246 1664 mentis

135 1682 324 1783 animique,
360 1685 499 1768 quaein
524 1684 712 1748 hominibus
734 1692 787 1748 ost
809 1681 1002 1746 diversitate
1024 1703 1137 1747 eorum
1161 1684 1245 1748 fides

127 1765 214 1856 'plus
227 1788 376 1832 mrnusve
390 1777 448 1832 aut
461 1769 556 1833 firma
576 1778 633 1833 arrt
648 1770 778 1834 intirme
792 1769 861 1849 (14,
872 1769 917 1851 1.)
937 1776 1000 1834 est.
1044 1767 1159 1832 Aliam
1179 1769 1243 1852 igi-

126 1859 192 1918 'tur
207 1853 284 1917 aliis
299 1852 490 1918 horninibus
504 1854 583 1917 fidei
598 1875 784 1918 mensuram
801 1853 897 1918 Deus
912 1851 1037 1917 divisit.
1060 1851 1133 1920 Jam
1144 1875 1244 1940 qurum

133 1937 221 2002 fides
238 1936 345 2002 Paulo
357 1935 469 2024 judice
482 1937 618 2026 pietatis
633 1937 866 2004 ethonestatis
882 1949 986 2000 mater
999 1937 1045 2001 sit
1059 1935 1110 2022 (l,
1124 1960 1158 2025 p.
1173 1943 1246 2020 46.)

132 2030 263 2087 tantum
279 2021 376 2086 nobis
389 2023 533 2108 pretium
549 2024 758 2089 statuendum
772 2046 847 2090 esso
859 2025 983 2106 elucet,
1006 2030 1150 2110 quantus
1166 2023 1245 2089 lidei

132 2118 271 2172 nostrae
290 2108 419 2188 fervor,
441 2113 475 2172 et
497 2110 684 2184 constantia
706 2111 761 2176 sit.
806 2107 874 2172 Sed
896 2109 989 2173 utin
1010 2109 1099 2173 omni
1120 2130 1242 2193 genere

130 2193 286 2256 nonnulli
301 2190 451 2257 bomincs
466 2194 590 2258 virtute
605 2202 638 2258 et
653 2193 752 2258 lactis
774 2195 873 2278 vulgo
897 2194 1035 2258 multum
1058 2201 1244 2280 praestant,

127 2276 177 2341 ita
194 2278 292 2341 etiam
311 2276 464 2341 nonnulli
478 2278 664 2346 Christiani
678 2279 756 2344 fidei
773 2279 981 2366 praestantii
1003 2277 1125 2343 ceteris
1148 2289 1243 2345 ante·

126 2363 272 2445 cellunt,
295 2369 466 2449 quactum
486 2364 529 2428 ad
551 2364 711 2429 miraculo
735 2361 880 2446 edenda,
902 2373 971 2428 turn
994 2362 1035 2427 ad
1059 2364 1240 2452 propbeta-

126 2468 221 2528 rum,
264 2447 519 2533 magistrorum,
562 2450 774 2516 diaconorum
802 2471 937 2514 munera
975 2449 1239 2516 administranda

126 2545 227 2621 aptos
241 2555 298 2598 cos
314 2532 433 2597 reddat
446 2555 641 2624 eosquepro
655 2536 734 2600 fidei
755 2557 835 2600 suae
857 2534 969 2599 indole
990 2536 1066 2620 plus
1088 2537 1244 2603 minusve

125 2639 228 2706 posse
242 2629 384 2708 apparet
399 2622 445 2703 (v.
460 2622 493 2687 6.
510 2624 530 2685 l
545 2618 621 2686 Gor.
640 2623 731 2703 12,9.
748 2621 868 2704 13,2.).
911 2619 986 2709 Jam
1009 2618 1097 2707 quod
1114 2619 1153 2689 P.
1176 2643 1237 2709 po-

125 2707 251 2786 stulat,
285 2712 322 2769 ut
349 2704 453 2768 misssi
482 2707 639 2794 superbiri
669 2728 775 2794 usque
803 2707 845 2770 ad
873 2705 1068 2770 modestiam
1097 2709 1237 2774 animati

127 2791 254 2869 simus,
284 2797 321 2855 ut
335 2791 455 2876 cuique
470 2791 565 2856 Deus
588 2790 667 2856 lidei
688 2812 873 2857 mensuram
897 2791 1068 2872 diviserit,
1103 2794 1238 2860 minimo

111 2896 186 2940 'nos
202 2882 393 2940 nostrorum
416 2884 684 2941 ornamentorum
708 2878 807 2964 plane
824 2876 1033 2943 immemores
1055 2898 1129 2942 esse
1152 2879 1236 2960 vult,

124 2959 183 3025 sed
206 2960 455 3047 sapientissime
477 2962 643 3048 praecipit
665 2962 697 3026 1.
726 2981 766 3024 no
788 2961 886 3048 plura
910 2967 968 3022 aut
989 2959 1114 3048 majora
1136 2962 1235 3028 uobis
1310 3029 1312 3034 ,

124 3045 332 3125 tribuamus,
354 3065 452 3131 quam
467 3067 552 3132 quae
589 3045 869 3129 ossideamusicl.
890 3065 921 3110 v.
941 3040 987 3128 μή
1010 3038 1235 3129 ὑπερφρονεῖν

23 3184 24 3187 ,
124 3128 205 3216 παρ’
230 3121 250 3198 ii
274 3131 326 3195 δεῖ
347 3134 515 3215 φρονεῖν)ε
548 3067 596 3198 li.
619 3153 660 3194 ne
681 3131 824 3195 virtutes
845 3129 969 3218 quibus
996 3129 1233 3223 splendeamus

121 3225 254 3282 uosmet
269 3215 361 3304 ipsos
377 3217 549 3302 peperisse
564 3217 755 3304 opinemur,
777 3215 907 3281 sedeas
925 3235 987 3279 nos
1009 3213 1118 3294 a‘Deo
1140 3217 1235 3284 aecci
1323 3247 1327 3264 ι

120 3318 215 3406 pisse
236 3317 292 3404 pie
311 3314 558 3383 meminerimus
579 3317 637 3398 (el.
659 3338 691 3385 r.
708 3309 836 3401 ἑκάστῳ
855 3303 900 3391 ὥς
920 3301 939 3377 ὃ
963 3303 1077 3388 θεὸς
1094 3316 1232 3405 ἐμέρισε

89 3475 93 3484 ,
120 3402 245 3486 μέτρον
258 3399 405 3478 πίστεως
419 3412 454 3467 et
477 3401 588 3471 lCor.
602 3403 689 3483 ῌ.)
712 3399 853 3487 ideoque
875 3399 917 3464 dc
931 3402 998 3468 Dei
1017 3403 1133 3490 fucore
1154 3406 1231 3487 glo-

113 3488 247 3568 riemur
264 3489 300 3572 (1
316 3485 394 3553 Cor.
413 3487 507 3568 1,31.
528 3489 615 3570 29.):
636 3483 708 3554 111.
725 3507 766 3550 ne
787 3507 848 3551 nos
865 3483 1048 3574 jactemus,
1069 3485 1128 3554 sed
1149 3511 1228 3555 eon-

119 3573 208 3652 tepti
221 3572 327 3637 simus
350 3572 551 3640 conscientiis
572 3573 715 3661 optimae
738 3572 858 3636 mentis
881 3571 973 3656 (Gal.
988 3574 1113 3658 6,s.).·
1134 3573 1229 3642 Tan-

119 3667 190 3724 tum
215 3658 321 3741 igitur
342 3657 424 3738 tibi,
445 3667 484 3724 ut
500 3658 649 3739 mpdesti
668 3679 785 3723 nomen
807 3657 972 3738 retineas,
998 3679 1059 3745 per
1083 3657 1226 3726 Paulum

24 3757 25 3760 ’
121 3743 383 3824 tribuerelicet,
406 3754 565 3830 quantum
579 3744 644 3810 Dei
658 3743 837 3828 becipnitua
857 3743 921 3808 tihi
943 3746 1145 3809 correessorit
1167 3769 1225 3810 no-

120 3851 226 3916 quea
253 3829 381 3893 ostolus
402 3850 515 3896 corum
539 3830 716 3894 vanitatem
747 3825 941 3893 modestiam
969 3829 1227 3915 interpretatur,

119 3916 177 4001 qui
191 3851 280 3978 tabet
291 3913 468 3996 relligione
484 3915 573 3979 ducti
588 3915 728 4001 fictaque
749 3922 784 3979 et
803 3912 1027 3979 commentitia
1046 3915 1157 3980 fabulai
1182 3915 1224 3982 de

119 3999 288 4064 bominum
317 3999 434 4064 naturh
457 4022 517 4088 per
538 3999 663 4068 Adami
685 3999 813 4064 lacinus
834 3998 1014 4086 depravati
1035 4000 1165 4086 decepti
1186 4023 1224 4069 so

119 4085 221 4170 longe
233 4084 398 4171 pessimos
413 4088 580 4173 multoque
593 4084 725 4174 pejores
733 4107 807 4150 esse
818 4083 1018 4152 contendunt
1026 4105 1122 4172 quam
1133 4095 1223 4156 sunt.
1318 4141 1321 4149 ,
1383 4070 1389 4124 Ῑ

119 4169 198 4236 Νοιι
218 4170 323 4254 magis
338 4165 443 4235 Paulo
465 4191 621 4253 emonam
642 4192 754 4236 corum
778 4168 938 4260 modestia
960 4171 1141 4259 probatur,
1163 4177 1222 4261 qui

120 4277 158 4323 se
172 4256 379 4344 deprimunt,
400 4261 438 4320 ut
458 4257 501 4320 ab
521 4256 600 4320 aliis
621 4257 835 4322 extollantur.
878 4255 1018 4342 Magnas
1040 4259 1126 4322 enim
1147 4257 1227 4322 lau-'

120 4339 389 4430 desiniquitatc,
410 4341 476 4430 quai
490 4348 594 4408 semet
604 4339 698 4430 ipsos
718 4343 921 4431 corripiunt,
947 4343 989 4408 ab
1009 4343 1087 4410 aliis
1108 4349 1220 4410 extor-
1317 4407 1321 4418 f
1384 4395 1386 4402 ,
