2806 5014
130 467 132 472 ,
180 385 245 456 m
381 376 783 450 uuls'rounn
816 376 1092 450 ROMANOS

179 532 431 690 lunperfioitur.
444 535 541 618 {Van
558 535 651 604 stilo
665 527 706 601 'ad
716 532 978 607 Proteulacchi
992 535 1068 600 mia.
1077 555 1105 601 c.
1114 531 1164 600 13.
1186 526 1284 618 Μήτι

179 621 231 701 εἷς
264 625 307 704 με’
324 615 605 709 ἀνεκεφαλοιώθη
618 613 638 707 ἡ
653 616 786 706 ἲσνορία
804 614 909 702 'aiddu
921 644 981 700 -3
1008 622 1043 684 in
1056 619 1130 687 cod.
1143 639 1284 707 apocry-

47 756 49 764 .
179 709 246 797 pho
262 703 306 774 N.
315 705 361 772 Τ.
374 705 420 775 Τ.
432 712 460 776 Ι.
501 706 615 782 .u23.‚
644 706 1056 777 narrationemque
1076 703 1284 782 enuntiata).

178 815 219 865 σο
240 795 284 863 oie
299 795 375 876 dni).
396 813 430 880 p.
450 729 504 858 dd.
525 797 561 857 et
580 789 738 874 Meyeaua
757 791 799 855 ad
825 790 910 856 huuc
930 792 955 855 l.
975 785 1285 876 ἀνακεφαλαιοῦται

179 884 380 944 enarrarunt
400 877 588 943 mammutius
607 876 767 959 repetitur
789 879 833 962 (v.
853 874 975 940 Lexica
997 878 1082 956 gn),
1111 876 1173 938 laco
1194 870 1285 939 Pau·

179 965 249 1030 laam
262 964 372 1030 dicere
392 963 476 1030 rati:
504 969 680 1050 praecepta
695 959 805 1029 Lavit.
829 961 1062 1041 19,13-18.‚
1091 959 1213 1047 quibus
1235 959 1287 1022 al-

179 1051 247 1116 teri
271 1047 428 1140 injuriam
454 1049 624 1135 imponere
651 1056 816 1127 vetemur,
842 1046 954 1113 Levit.
982 1047 1097 1126 19‚18.
1126 1045 1187 1110 lule
1205 1063 1293 1110 voce,

179 1135 368 1202 summatim
391 1134 520 1221 repeti:
546 1131 669 1214 diliges
693 1133 834 1196 alterum
855 1153 959 1233 aeque
979 1153 1018 1196 ac
1039 1136 1141 1195 temet
1162 1130 1286 1217 ipsum.

180 1218 302 1288 Posset
315 1219 395 1284 haec
414 1217 578 1284 sententia
598 1216 792 1303 plausibilis
813 1215 938 1298 videar,
960 1217 990 1282 si
1004 1213 1131 1282 Paulus
1149 1235 1288 1303 praece·

181 1314 332 1395 plorum,
383 1324 442 1368 uae
455 1302 555 1368 alteri
577 1301 730 1392 injuriam
755 1302 864 1367 iacere
887 1323 948 1367 nos
969 1301 1202 1389 prohiberent,
1230 1320 1287 1363 ex»

180 1393 289 1481 ampla
312 1411 352 1455 ex
399 1389 476 1454 evit.
491 1387 605 1467 19,13.
619 1409 670 1474 sq.
688 1387 851 1474 petiisset.
894 1390 947 1452 At
961 1381 1222 1466 crinemcrinem,
1246 1381 1287 1448 od
1343 1455 1346 1461 ,

65 1559 67 1565 Ι
174 1475 375 1564 φονεύσεις,
398 1469 438 1540 cd
451 1472 607 1557 κλέψεις,
631 1467 691 1536 οὐκ
706 1470 931 1556 ἐπιθυμήσεις
943 1470 1220 1550 exuxod.20‚13.
1233 1489 1288 1554 sq.

182 1562 305 1626 hausit.
348 1558 556 1645 Quamquam
572 1563 687 1622 nostro
701 1559 774 1622 loco
790 1558 851 1622 laoc
864 1556 930 1622 dici
947 1557 1030 1621 nihil
1049 1556 1172 1636 reffert,
1200 1553 1287 1620 Ma-

135 1696 138 1712 ,
172 1667 238 1730 ,een
253 1645 377 1710 alicubi
392 1642 570 1709 interdicta
583 1639 623 1707 od
636 1635 842 1723 μοιχεύσεις,
865 1637 906 1706 cd
921 1639 1114 1726 φονεύσεις,
1146 1635 1185 1704 οὐ
1207 1637 1298 1703 ald--

181 1743 280 1814 ψιις,
304 1724 364 1795 οὐκ
380 1723 607 1814 ἐπιθυμήσεις
620 1727 681 1790 hoc
696 1734 872 1832 praecepto
887 1725 1074 1793 summatim
1091 1725 1288 1815 repetiisse:

86 1847 88 1852 ·
182 1811 371 1900 ἀγαπήσεις
382 1813 440 1880 τὸν
452 1808 597 1898 πλησίον
610 1831 672 1876 σου
686 1835 732 1889 ιος
743 1806 872 1878 ἑαυτόν.
914 1809 1075 1877 illudhic
1091 1809 1288 1876 monendum

181 1911 251 1981 est,
265 1903 353 1964 inter
368 1897 455 1964 dieta
470 1895 511 1964 οὗ
525 1894 725 1978 μοιχεύσεις,
740 1895 780 1962 od
794 1891 969 1982 φονεύσεις
983 1920 1012 1961 ιι.
1026 1919 1056 1960 c.
1073 1897 1104 1961 λ.
1116 1897 1177 1960 Ιιοσ
1189 1915 1289 1984 prae-
1398 1899 1400 1964 i

181 1996 278 2076 capto
293 1983 480 2058 summatim
494 1982 746 2068 comprehendi:
774 1979 962 2065 ἀγαπήσεις
979 1979 1037 2046 τὸν
1059 1978 1205 2066 πλησίον
1225 1999 1289 2044 σου
1398 1974 1399 2056 l

182 2066 380 2150 οἱςὲαυσόν,
411 2066 676 2157 quandoquidem
698 2068 755 2154 qui
776 2068 917 2132 alterum
939 2076 1051 2130 ament
1068 2088 1133 2132 non
1154 2063 1290 2136 laedant
1398 2059 1399 2102 ³

181 2179 280 2246 quam
301 2161 410 2220 ament
431 2159 479 2240 (v.
499 2156 578 2236 lu).
631 2151 800 2236 Vulgatus
821 2151 940 2217 vertit:
970 2153 1005 2216 ln
1024 2151 1083 2218 leuc
1100 2151 1194 2217 uerbo
1214 2151 1288 2216 in·

181 2248 416 2309 statuatur.
457 2235 652 2321 (Seduliust
678 2238 929 2324 restauratur).
973 2234 1141 2301 Nimirum
1164 2231 1288 2300 danaa-

183 2324 420 2412 φαλαιοῦσθαι
447 2321 480 2386 Ιι.
508 2322 530 2388 l.
557 2322 708 2387 renouari
733 2321 923 2405 significare
942 2322 1073 2410 putavit
1093 2327 1139 2405 (a.
1161 2318 1289 2385 Lexica

183 2413 330 2496 graeca).
372 2406 461 2473 Male
474 2405 606 2472 Milliua
620 2404 756 2488 Proleg.
775 2410 805 2514 p.
825 2406 902 2473 5⁵1.
947 2410 1013 2490 „ln
1035 2407 1095 2472 hoc
1116 2404 1216 2472 verbo
1236 2405 1288 2470 in·

182 2493 366 2577 sternetur]
380 2529 423 2542 -
437 2491 559 2557 Visum
582 2492 775 2579 interpreti,
802 2493 863 2557 lace
883 2512 945 2580 par
966 2512 1076 2559 vocam
1097 2492 1208 2580 ipsius
1225 2510 1303 2556 acm

55 2626 60 2654 .
182 2589 253 2648 tate
266 2579 354 2645 haud
369 2577 467 2643 dubie
482 2576 743 2665 receptissimam
757 2570 805 2662 (l)
817 2579 1020 2665 exprimere,
1043 2584 1208 2664 utcunque
1216 2573 1289 2664 jam

183 2669 346 2734 innostro
361 2665 535 2728 hocsansu
552 2683 616 2727 non
628 2673 799 2744 accurrat,
819 2662 886 2728 uisi
903 2662 936 2727 iu
952 2663 1179 2730 Chartulariis
1194 2661 1291 2727 aliis·

185 2772 249 2841 que
262 2751 296 2816 id
309 2771 413 2834 genus
430 2748 648 2814 monumentis
665 2749 856 2835 aequiorum
878 2757 1074 2836 temporum.
1118 2749 1181 2812 list
1201 2747 1289 2813 anim

183 2848 347 2914 stanuum,
362 2833 451 2921 quod
464 2840 575 2898 mouet
588 2831 803 2899 doctissimus
818 2835 984 2916 glossator
994 2833 1120 2918 (Garat.
1136 2833 1288 2900 duFrca-

183 2945 242 3004 uc,
264 2919 398 2990 vonum
413 2919 571 2986 Stourum
585 2925 618 2983 et
633 2917 861 3005 luctatorum),
888 2918 1051 3006 quidquid
1073 2918 1226 2984 conducit
1246 2914 1289 2981 ad

183 3009 283 3075 vitae
300 3006 505 3071 necessaria:
546 3002 736 3069 [maurum
761 3011 890 3084 autem,
924 3005 1095 3093 aliquanto
1125 3003 1291 3082 strictius,

185 3112 279 3158 omne
293 3089 327 3154 id
343 3090 432 3177 quod
445 3089 486 3154 ad
500 3088 757 3172 agriculturam,
779 3091 832 3155 vel
852 3089 895 3154 ad
917 3090 1049 3175 praedii
1070 3089 1291 3154 instrumenta

185 3187 220 3242 et
233 3177 472 3263 supellectilem
487 3173 648 3260 pertinet,
661 3183 700 3239 ut
713 3183 790 3239 suut
803 3175 972 3256 animalia,
975 3195 1116 3326 pecora,
1129 3174 1217 3239 servi
1226 3178 1290 3238 etc.

185 3263 274 3328 Hinc
290 3263 491 3340 incinerare,
514 3259 722 3344 supellectile
736 3261 870 3344 agraria
891 3281 972 3349 prae
998 3261 1063 3325 ium
1084 3256 1138 3326 vei
1157 3257 1305 3325 domum·

145 3399 149 3405 ,
185 3347 342 3412 rusticam
358 3345 534 3409 instruere.
583 3339 737 3409 Deductai
750 3342 827 3410 hinc
844 3347 1052 3434 metaphoric,
1080 3342 1164 3411 dicit
1184 3344 1290 3410 inter·

185 3452 285 3522 praa,
307 3428 495 3492 universum
507 3439 627 3515 corpus
639 3435 674 3493 at
688 3428 785 3514 quasi
797 3429 978 3496 ίοιΐοιιειιιιι
992 3430 1096 3514 legis,
1117 3451 1177 3495 seu
1193 3426 1292 3516 quid-

186 3516 269 3604 quid
289 3513 332 3577 ad
352 3513 442 3576 illam
464 3513 629 3600 pertinet,
657 3511 693 3577 in
716 3535 780 3578 uno
802 3515 863 3578 lroc
884 3513 927 3579 de
946 3514 1124 3580 dilectione
1143 3513 1290 3602 proximi

186 3603 364 3692 praecepto
378 3596 575 3684 inveniri(!)
597 3598 774 3682 Staurum,
795 3599 997 3686 instaturum,
1026 3605 1288 3665 stauramoutum
1371 3647 1375 3668 .

186 3697 221 3754 et
248 3684 516 3774 estocamentum'
536 3682 576 3768 (i.
598 3704 632 3769 q.
653 3681 827 3749 Gallorum
850 3683 1075 3750 Estoiroment
1095 3696 1129 3751 at
1150 3685 1292 3751 Estcre·
1314 3727 1316 3737 .

88 3782 94 3789 '
187 3775 291 3854 mant)
306 3767 462 3835 uocabula
479 3775 558 3834 suut
570 3789 589 3832 a
601 3770 722 3853 gallico
738 3769 839 3836 verbo
860 3779 990 3835 estorer
1010 3771 1049 3858 (i.
1072 3792 1104 3857 q.
1124 3769 1290 3848 mcubler)

51 3867 54 3872 '
187 3857 295 3924 medio
326 3875 407 3920 aeuo
435 3854 575 3919 lormata
605 3859 640 3918 et
661 3855 695 3919 in
715 3855 854 3920 latinam
874 3855 1023 3938 linguam
1043 3857 1208 3922 translata
1230 3855 1291 4004 qei-

188 3939 398 4013 Glossarium
419 3960 538 4004 novum
559 3936 610 4004 ed.
631 3937 829 4026 Carpentier
848 3960 877 4005 v.
896 3942 1188 4025 Ealorumcntum.)
1251 3960 1291 4003 n-

188 4037 343 4094 staurara
356 4045 421 4112 quc
435 4031 583 4113 tempore
604 4023 683 4089 libri
705 4046 732 4088 s.
754 4023 788 4089 in
811 4024 950 4091 latinam
973 4026 1119 4109 liugnam
1138 4024 1293 4090 conversi

46 4145 50 4169 ι
178 4110 419 4178 'suutnondum
437 4109 637 4192 significavit
654 4117 770 4173 staura
790 4112 970 4179 instrucre.
1013 4109 1048 4176 da
1067 4111 1131 4195 aqi]
1153 4109 1293 4177 Abeunt

189 4201 271 4264 haec
291 4219 318 4262 v.
341 4217 360 4258 a
382 4190 421 4258 B.
437 4195 480 4260 G.
494 4197 533 4261 n.
552 4192 653 4276 Vulg.
672 4203 707 4258 et
727 4190 820 4262 Patr.
839 4196 900 4265 lat.
942 4199 1059 4282 Itaque
1076 4217 1118 4260 ea
1134 4195 1293 4260 cancellis

187 4277 403 4347 circumdedit
418 4278 654 4344 Luclmuunua.
696 4277 831 4346 Omissa
846 4284 925 4345 sunt
938 4282 1015 4368 quia
1037 4279 1155 4346 deesse
1199 4287 1293 4346 otue-

188 4377 278 4436 runt.
321 4361 467 4430 Eandem
483 4364 526 4428 ab
538 4381 670 4430 causam
685 4365 783 4431 verba
798 4361 833 4432 da
846 4363 893 4452 uqi
909 4364 986 4436 Gal.
1001 4365 1093 4448 ὀ,14.
1116 4366 1151 4432 in
1203 4363 1290 4431 till.
