2860 5016
376 305 497 397 oar.
519 309 607 386 ιιιι.
649 311 718 384 ιι.
743 315 776 381 s.
797 315 830 381 ι.
853 277 896 382 ιί
915 313 974 393 n,
1174 313 1217 380 ιι
1263 267 1265 278 ’

121 491 311 562 graecorum
326 467 552 562 disputatione
566 467 652 535 male
666 466 837 536 intellecti
850 463 966 534 πίστιν
978 465 1010 534 Ιι.
1025 467 1058 534 l:
1068 488 1129 558 per
1149 489 1218 536 me-

121 557 296 648 tonymiam
311 577 503 646 oausaepro
522 551 640 620 ellectu
662 555 684 618 i.
709 576 740 642 q.
761 553 810 618 τὰ
830 553 1070 637 χαρίσματα
1089 557 1219 638 signill-

100 703 101 706 ,
121 666 193 710 care
209 645 391 711 coontoxtai
406 641 720 723 orationecognosoi
736 638 837 706 dixit!
860 635 1089 704 Nihilominus
1103 641 1154 706 vir
1169 641 1220 707 in-

123 731 277 815 geniosus
304 740 337 796 et
365 739 521 796 constans
549 725 672 809 μέτρον
698 722 845 800 πίστεως
872 725 987 814 paullo
1017 733 1092 814 post
1118 727 1220 793 vertit
1352 725 1358 737 '

120 810 902 905 fideimodum(-‚,monloilegrmifiteteinem
916 811 1219 898 Seorngusslnitgez
1276 877 1279 884 ,
1395 821 1398 828 ’

121 903 271 969 narbonen
295 898 583 980 &trabentium
592 905 603 962 t
626 912 683 964 oon
705 899 755 976 tid)
774 897 928 981 tollent!
956 877 1081 962 Eodem
1103 917 1219 963 errore

121 985 380 1074 captns'Flottus
394 980 508 1048 πίστιν
522 982 557 1046 id
571 981 653 1068 qrtod
667 980 765 1046 clienti
778 981 934 1046 creditum
949 980 1011 1062 sit,
1039 1001 1119 1065 ergo
1141 980 1163 1048 i.
1187 1003 1221 1072 q.

82 1060 85 1072 ’
118 1063 265 1156 χάρισμα
287 1070 403 1136 dottam
425 1068 602 1149 designare
623 1064 804 1154 perhibuit.
844 1065 969 1130 Πίστιν
987 1087 1221 1154 nonuunquam

120 1157 154 1222 id
166 1153 357 1260 puodfidem
371 1155 474 1240 lucit,
493 1153 664 1237 pignus,
686 1150 779 1216 utin
801 1149 944 1214 lormulai
966 1148 1082 1220 πίστιν
1105 1150 1222 1220 δοῦναι

21 1279 22 1282 =
113 1259 175 1304 ’και
192 1241 322 1322 λαβεῖν,
345 1259 512 1326 nunqnam
535 1237 570 1301 id
589 1235 672 1325 ριιιιί
691 1233 792 1304 alicui
812 1237 968 1303 creditum
989 1243 1057 1320 cst,
1078 1238 1222 1306 donum

20 1353 21 1360 ¹
119 1325 574 1412 notareiuvulgusoonstat.

203 1481 296 1549 Ἠ.
318 1483 353 1546 et
373 1475 420 1548 5..
462 1477 571 1546 Munit
591 1473 717 1542 Paulus
737 1473 792 1542 his
814 1473 967 1543 versibus
987 1497 1096 1566 neque
1117 1484 1223 1546 toturn

30 1567 33 1574 '
120 1563 211 1654 quod
224 1585 272 1632 vs.
289 1566 323 1633 3.
336 1565 461 1650 legitur
472 1571 682 1653 praeceptum
697 1567 739 1645 (v.
749 1561 956 1644 Meycrum),
982 1583 1087 1650 nequo
1101 1567 1229 1652 primm.
1305 1615 1307 1622 ,

75 1685 82 1693 ·
118 1654 205 1718 riam
220 1651 294 1740 ejus
307 1661 456 1739 partem,
476 1649 543 1738 quei
557 1649 749 1716 modestiam
770 1648 953 1736 postulavit
974 1649 1032 1732 (oi.
1048 1648 1225 1738 Heinsius),

29 1735 31 1740 ’
119 1738 267 1805 sedeam
289 1757 369 1804 suae
390 1739 477 1822 legis
497 1735 716 1824 particulam,
738 1755 823 1821 quae
843 1732 972 1798 ultimis
993 1755 1043 1800 vs.
1059 1735 1094 1804 3.
1114 1738 1225 1806 verbis
1314 1763 1316 1768 ’

20 1859 21 1892 1
117 1839 309 1904 continetur
324 1833 453 1924 ἑκάστῳ
469 1831 545 1916 nied
566 1836 650 1910 θεὸς
670 1833 804 1917 ἐμέρισε
828 1821 1003 1916 μέτρον
1026 1822 1227 1909 πίστεως
1254 1858 1257 1864 ·

20 1949 22 1954 ι
120 1924 155 1990 h.
171 1945 218 1990 r.:
240 1924 333 1986 edico
349 1924 525 2012 unicuique
541 1915 708 1998 vestrirm,
730 1927 767 1982 ut
780 1918 932 2007 depositi
946 1919 1104 2009 superbiai
1120 1945 1226 2009 usqne

119 2009 164 2072 ad
187 2007 382 2072 modestiam
406 2008 543 2072 animati
565 2007 668 2084 sitis,
689 2012 727 2069 ut
748 2003 867 2092 cuique
887 2005 982 2070 Deus
1002 2005 1080 2088 fidoi
1100 2011 1228 2074 modrcm

20 2128 23 2135 «
79 2101 81 2104 ’
118 2093 279 2166 diviserit
292 2093 315 2158 i.
329 2115 361 2178 q.
376 2113 438 2180 pro
452 2094 580 2160 diecret
600 2090 678 2158 lidei
700 2091 871 2170 mensura,
918 2111 979 2155 uae
1001 2091 1120 2178 cuique
1142 2093 1230 2160 divi·

118 2177 554 2265 nitusdatafuerit(v.3.).
596 2175 683 2242 Nam
695 2111 970 2261 quemadmodum
988 2175 1025 2250 in
1045 2198 1131 2258 uno,
1162 2201 1227 2264 quo

119 2263 234 2330 induti
247 2267 378 2346 tumus,
400 2274 539 2350 conpore
555 2263 658 2327 multa
674 2261 818 2325 membra
833 2260 1009 2342 habemus,
1026 2265 1229 2348 quaeomnia

119 2348 259 2414 diversis
280 2347 401 2413 ciliciis
422 2349 622 2434 fungantur,
651 2345 699 2412 ita
722 2366 802 2430 nos,
823 2353 938 2412 tantus
960 2343 1230 2416 Christianorum

20 2481 68 2526 ²
119 2429 1231 2586 attolliteilllltltlltlnlltlltllll,“itt

120 2625 197 2672 rum
208 2542 522 2672 utteicm'ataueio
539 2602 769 2669 ministerii
787 2603 810 2667 d
818 2593 1044 2682 iocrsitate
1058 2543 1231 2692 disirdpct,

119 2689 142 2754 i.
166 2711 199 2778 q.
225 2711 300 2753 nam
323 2689 370 2754 ita
394 2711 413 2754 a
433 2691 508 2756 Deo
531 2697 754 2777 comparatum
778 2695 849 2770 est,
871 2695 925 2769 ut,
948 2689 1035 2754 sieut
1053 2711 1231 2758 numerosa

20 2815 22 2824 x
121 2774 276 2860 corporis
293 2775 437 2840 membra
451 2777 559 2844 omnia
574 2773 717 2840 diversis
735 2773 855 2839 ciliciis
875 2775 1076 2858 iunguntur,
1103 2777 1151 2842 ita
1172 2797 1232 2841 no-

20 2879 22 2888 ‘
117 2859 173 2926 bis
190 2868 242 2924 tot
256 2861 443 2926 hominibus
458 2863 493 2926 in
508 2860 637 2930 Christi
652 2858 841 2923 sociotatem
855 2860 1013 2924 assumtis
1027 2881 1089 2948 pro
1101 2862 1231 2928 diversa

121 2944 236 3032 fidei
254 2947 343 3010 nobis
356 2947 541 3030 impertitae
555 2948 707 3009 mensuro
725 2943 874 3028 disparia
893 2964 1060 3010 moenera
1080 2945 1233 3012 obeunda

122 3031 192 3094 sint
210 3033 257 3114 (v.
272 3029 306 3096 4.
323 3037 356 3092 et
370 3031 428 3110 5.).
471 3029 569 3116 Quod
585 3029 615 3092 si
629 3029 677 3093 ita
696 3032 766 3108 cst,
788 3047 1052 3114 unumquemque
1067 3027 1234 3096 Christia-

124 3135 203 3179 num
215 3136 278 3199 pro
288 3113 368 3198 fidei
382 3114 535 3182 divinitus
555 3113 617 3182 sibi
636 3114 735 3179 deice
754 3117 907 3178 mensurat
928 3134 1033 3199 usque
1054 3113 1097 3180 ad
1119 3115 1233 3182 mode·

20 3193 21 3240 i
123 3203 224 3266 stiam
242 3202 419 3266 animatum
435 3221 511 3266 esse
527 3205 681 3290 oportere
698 3198 756 3284 (cl.
771 3203 802 3266 r.
817 3196 886 3282 3.),
913 3219 954 3263 ne
966 3199 1058 3290 justo
1071 3201 1148 3289 plus
1164 3201 1232 3269 sibi

20 3297 21 3304 ’
124 3287 256 3352 tribuat
277 3307 383 3372 neque
405 3287 548 3352 alienum
571 3284 683 3374 potius
706 3283 874 3369 negotium
896 3294 985 3369 agat
997 3307 1094 3372 quam
1126 3309 1235 3372 suum,

125 3359 256 3440 elucet.¹
293 3369 402 3456 Quum
416 3370 570 3438 Reicitur
586 3367 653 3458 (Π,
661 3369 772 3458 421.),
794 3375 832 3434 nt
848 3373 962 3456 paullo
979 3380 1055 3436 ante
1075 3372 1234 3458 diximus,

119 3457 187 3534 ,llos
201 3477 322 3523 versus
335 3479 410 3538 non
428 3465 518 3535 recte
537 3478 609 3522 oum
631 3475 682 3520 vs.
704 3455 737 3522 3.
759 3457 966 3544 copulasset,
995 3455 1119 3546 injuriis
1141 3463 1237 3549 Apo-

100 3574 104 3577 ·
124 3543 213 3609 stolo
230 3542 478 3630 simplieitatem
495 3549 529 3608 ct
543 3540 779 3624 negligentiam
802 3541 1039 3630 exprobravit,
1069 3547 1135 3631 qui
1158 3569 1236 3634 sen7

104 3629 266 3703 ,tentiam
282 3627 551 3712 exaggeraverit,
581 3647 664 3713 qnae
684 3627 826 3700 lectores
850 3627 951 3694 citius
970 3629 1012 3694 ad
1034 3631 1237 3718 superbiam,

126 3735 227 3801 quam
250 3711 292 3777 ad
314 3715 508 3779 modestiam
530 3709 712 3793 invitaret,
744 3713 825 3777 nlioe
846 3711 978 3798 majora
1007 3713 1088 3780 alios
1109 3717 1237 3782 minora
1278 3758 1280 3765 s

128 3803 213 3864 donn
229 3821 251 3864 ιι
266 3800 336 3865 Deo
350 3799 529 3884 accepisse,
550 3819 621 3864 eam
637 3799 835 3863 sententiam
851 3799 916 3863 nisi
932 3799 1039 3864 obiter
1054 3807 1088 3866 et
1101 3802 1237 3888 oblique

128 3885 245 3949 verbis
269 3879 305 3948 ἓν
327 3883 469 3971 Χριστῷ
492 3905 541 3949 ιιι
564 3883 718 3970 &plane
741 3905 805 3947 non
828 3883 1070 3966 enuntiaverit,
1097 3885 1239 3952 undeet

129 3969 282 4034 modeste
298 3967 363 4034 sibi
378 3969 534 4034 utendum
547 3989 621 4033 esse
635 3966 731 4034 donis
746 3989 763 4030 a
780 3967 854 4035 Deo
868 3969 1014 4058 acceptis
1026 3991 1132 4054 neque
1145 3993 1240 4058 sper-

20 4063 21 4114 ]
131 4053 263 4126 nendos
279 4075 354 4119 esse
377 4055 486 4120 minus
508 4053 649 4138 largiter
671 4075 690 4118 a
712 4054 787 4120 Deo
809 4053 949 4120 donatos
971 4053 1112 4120 Romani
1134 4055 1241 4122 disce·

130 4149 230 4222 rent,
252 4141 294 4204 cb
314 4159 377 4203 nno
398 4140 566 4226 eodemque
579 4139 649 4204 Deo
671 4140 824 4206 ἀσιισνιιιιι
840 4139 1033 4206 Christianis
1054 4141 1240 4225 impertito-

132 4245 208 4290 rum
222 4223 442 4290 diversitatem
455 4222 618 4310 proficisci
631 4245 764 4312 eamque
777 4226 996 4291 necessariam
1011 4247 1096 4307 esse,
1126 4235 1161 4292 ot
1176 4229 1242 4294 Dei

135 4310 273 4381 consilio
287 4315 365 4376 rote
378 4311 455 4377 sint.
480 4317 523 4396 -ἒ
565 4307 717 4376 Societas
732 4309 775 4376 ab
789 4309 978 4379 homiuibus
990 4313 1080 4378 certi
1093 4311 1245 4380 decausis
1266 4396 1268 4400 v
