2776 5018
349 380 470 454 cnr.
492 381 576 458 xv,
619 379 690 450 v..
716 380 767 450 15.
789 385 910 453 etro..
1070 351 1175 478 ,aso

70 539 146 606 dnm
162 537 237 604 Deo
250 539 447 607 sacrificium
467 559 531 604 non
552 537 700 626 placeat,
730 536 796 604 nisi
815 557 833 604 a
854 537 1045 624 cacerdote,
1075 563 1173 631 qoem

11 678 14 682 .
69 625 234 691 sacrificio
252 625 326 713 ipse
350 625 567 712 praefecerit,
602 623 929 708 riteconseoratunr,
964 627 1010 691 ita
1029 633 1174 711 gentiles

67 711 144 778 Deo
165 732 226 797 pro
246 710 409 776 sacrificio
431 709 535 775 oblati
556 709 688 858 placere
709 717 895 796 nequount,
929 709 997 776 nisi
1013 733 1033 776 a
1052 710 1173 798 Paulo,
1224 719 1228 726 ’

68 795 241 862 sacerdote
259 795 435 884 gentilium
456 797 553 860 immo
570 793 675 860 otioni
692 792 854 861 divinitus
877 797 1086 885 praeposito,
1107 823 1177 888 per

68 882 226 970 spiritum
241 903 269 949 s.
284 881 470 946 consecrati
485 879 619 946 fuerint.
663 877 752 946 Sane
767 876 908 948 Romani
921 881 994 949 sine
1009 885 1106 952 Pauli
1124 887 1176 951 in-

9 979 26 996 ”“
68 973 310 1034 terventutum
332 967 406 1032 Deo
426 965 604 1033 sacrificati
623 975 719 1044 sunt,
752 986 852 1052 quum
879 967 1020 1054 primurn
1041 963 1178 1040 Christo

67 1053 168 1118 iidem
183 1049 375 1142 adjecerunt
389 1052 498 1138 iisque
508 1049 580 1140 jam
595 1057 664 1115 tum
679 1050 813 1117 divinoe
832 1054 974 1141 spiritus
994 1051 1092 1120 datus
1112 1063 1176 1126 est.

67 1141 120 1206 At
136 1147 173 1202 ut
189 1138 250 1202 hoc
271 1137 489 1218 sacrificium,
542 1137 672 1200 uoniam
694 1134 800 1201 ritca
842 1137 989 1204 catillum
1010 1142 1178 1208 sacerdote

66 1229 358 1303 consecratam
380 1232 488 1302 esset,
558 1241 597 1285 eo
619 1222 786 1307 placeret,
819 1156 949 1288 i‘aulus
976 1225 1179 1292 sacerdotali

66 1307 174 1374 divini
187 1309 352 1391 evangelii
360 1305 653 1385 administratione
667 1307 800 1372 efficere
817 1304 952 1388 debuit,
971 1317 1008 1374 ut
1029 1331 1091 1412 per
1108 1313 1179 1399 spi·
1263 1337 1266 1344 ·

65 1394 170 1459 ritum
186 1415 233 1475 s.,
255 1392 413 1482 cujusvis
430 1395 464 1457 in
477 1391 748 1457 nomannorum
765 1400 856 1457 esset
872 1395 984 1475 1,11.,
1012 1403 1078 1462 rrte
1099 1419 1179 1463 oon·

19 1487 23 1496 '
66 1485 235 1544 secretum
257 1486 365 1560 esset,
400 1477 433 1544 h.
452 1498 482 1546 e.
504 1473 652 1541 detracta
674 1475 911 1545 similitudine:
943 1478 1085 1546 Romani
1105 1483 1179 1550 sine

64 1563 169 1631 Pauli
183 1564 372 1628 interventu
387 1562 579 1630 Christiani
588 1561 686 1641 iacti,
713 1571 750 1626 ut
764 1564 903 1650 perlecti
918 1563 1103 1631 Christiani
1125 1589 1180 1634 es-

64 1657 143 1714 sent
158 1641 192 1713 et
207 1651 264 1736 qui
281 1647 372 1729 Deo,
395 1647 482 1735 quod
499 1669 556 1712 eos
570 1654 659 1711 totos
675 1646 816 1735 spiritus
832 1670 858 1714 s.
876 1657 1027 1733 regeret,
1057 1653 1180 1739 proba.
1310 1718 1315 1730 ι

63 1742 205 1814 rentur,
227 1754 245 1796 a
264 1731 388 1812 Paulo,
407 1733 581 1816 gentilium
596 1733 784 1818 Apostolo,
803 1747 954 1802 accurate
972 1735 1181 1818 instituendi,

62 1818 217 1905 graviter
230 1818 425 1888 admonendi
439 1827 474 1884 et
488 1815 592 1882 divini
607 1817 748 1909 spiritus
764 1817 1182 1908 dotibus(l,ll.)augeudi

63 1913 179 1971 erant.
222 1903 279 1969 Sic
294 1926 424 1969 versum
441 1905 494 1971 16.
516 1902 713 1968 sententiam
735 1905 905 1970 continere
926 1916 1084 1994 apparet,
1114 1908 1182 1996 qud

61 1987 107 2057 Ρ.
125 2011 163 2054 se
181 1997 269 2054 recte
284 1997 474 2068 excusaret,
496 1985 584 2090 quod
597 1985 758 2052 audacius
776 1989 831 2052 hic
847 1991 917 2056 illio
938 2014 1001 2079 pro
1014 1991 1192 2076 Romano.

60 2095 142 2140 rum
159 2073 309 2139 bonitate
325 2081 360 2138 et
373 2074 537 2160 sapientiis
554 2071 715 2156 Romanis
728 2073 837 2140 cilicia
858 2076 892 2144 in
914 2078 1103 2142 memoriam
1128 2099 1182 2144 re·

36 2165 224 2227 evocasset
252 2163 299 2242 (v.
324 2159 378 2226 14.
399 2170 433 2224 et
455 2158 537 2241 11).
586 2156 716 2243 Nempe
739 2156 862 2242 Paulo,
890 2164 1066 2245 gentilium
1085 2164 1182 2251 Apo*

59 2246 156 2310 stolo
183 2242 343 2310 divinitus
363 2243 562 2323 constituto,
598 2263 696 2326 opera
718 2243 824 2308 danda
845 2251 935 2325 erat,
969 2254 1007 2311 ut
1029 2247 1183 2330 Romani,
1201 2247 1213 2306 s
1282 2314 1286 2322 ,

60 2351 149 2396 suae
163 2329 356 2415 provinciae
370 2326 457 2392 haud
473 2327 572 2392 dubie
586 2327 837 2410 contribuendi,
863 2332 978 2412 optimi
995 2332 1183 2400 Christiani

60 2399 251 2482 evaderdnt
273 2419 320 2498 (v.
337 2411 390 2480 15.
406 2413 487 2496 16.).
538 2411 689 2479 Grotiras:
717 2412 783 2488 „e'v
803 2411 968 2495 nocopante
988 2410 1088 2504 ἁγίῳ]
1115 2441 1182 2484 non
1276 2457 1280 2465 ·

60 2501 158 2582 sale,
182 2498 385 2564 utleviticao
405 2497 576 2577 victimae,
606 2496 667 2562 sed
689 2497 802 2584 ipsos
829 2501 908 2564 irltu
930 2501 982 2568 s.''
1000 2503 1126 2584 (Levit.
1148 2507 1181 2587 2,
1231 2535 1246 2588 χ

63 2587 152 2670 13.).
200 2582 357 2648 Omnium
379 2583 671 2662 caerimoniarum,
701 2603 785 2668 quas
835 2609 894 2651 cus
915 2608 976 2672 per
989 2585 1106 2654 Mosen
1129 2589 1181 2655 in·

63 2669 260 2751 stituisset,
290 2669 498 2756 peractione,
526 2667 592 2730 non
615 2668 722 2731 solum
745 2671 815 2748 sale
839 2672 992 2756 insperso
1016 2675 1182 2740 sacrificia

60 2753 362 2823 consecrabantur.
406 2750 534 2817 Paulus
549 2750 681 2858 quidem
694 2751 752 2816 διὰ
766 2752 827 2818 τοῦ
839 2751 1022 2840 ἱερουργεῖν
1033 2757 1071 2823 τὸ
1081 2753 1181 2843 εὐαγ-

61 2842 181 2928 γέλιον
210 2841 273 2904 ’τοῦ
301 2837 388 2904 θεοῦ
409 2835 443 2902 ἕν
459 2839 531 2914 τοῖς
552 2837 668 2903 ε’θνεσι
688 2835 747 2922 τὴν
768 2840 967 2924 προςφορὰν
988 2839 1054 2906 τῶν
1073 2836 1183 2908 aaa&

61 2921 207 3013 ἡγίασεν
221 2923 256 2989 da
268 2919 431 3001 πνεύματι
445 2917 541 3007 ἁγίῳ.
583 2918 650 2985 His
662 2924 823 3010 expositis
839 2945 901 2988 non
919 2935 987 3008 est,
1011 2927 1098 3012 qood
1112 2949 1185 3012 eos,

61 3013 121 3100 qni
139 3005 158 3094 ἡ
176 3005 361 3094 προςφορᾶ
377 3015 442 3072 τῶν
457 3007 566 3072 ἐθνῶν
579 3005 694 3088 aliter,
723 3029 819 3093 quam
837 3031 855 3072 a
872 3009 968 3076 nobis
980 3012 1103 3077 facturn
1117 3021 1182 3096 est,

60 3096 301 3186 explicuerunt
322 3094 456 3182 copiose
476 3091 682 3159 refellemus.
735 3095 781 3160 D.
795 3095 1084 3162 Breicchaeiderne
1099 3097 1205 3170 Lex.'
1286 3121 1292 3130 ·

60 3203 96 3271 p.
111 3179 220 3248 358.''
234 3172 254 3268 ἢ
266 3178 446 3264 προςφορά
459 3177 525 3240 cciv
537 3173 661 3253 ἐθνῶν,
684 3176 717 3241 id
734 3179 821 3264 quod
834 3187 950 3262 gentes
971 3180 1093 3249 adduxi
1113 3187 1185 3269 (bod

60 3263 283 3356 ¹petbeift'riaten
296 3272 342 3333 ort
357 3263 481 3351 priten)
497 3259 540 3326 ad
556 3261 666 3326 Deum
682 3269 716 3328 et
731 3285 867 3346 regnum
886 3264 971 3346 Dei3
998 3267 1143 3352 gentiles
1161 3289 1182 3334 a

60 3349 175 3418 mend
193 3367 294 3414 sacra
307 3349 490 3414 christiane
505 3345 673 3412 adducti.”
717 3351 767 3416 At
784 3349 935 3432 Romani,
956 3353 991 3416 in
1007 3375 1184 3440 qrroe‘con·

59 3439 179 3505 verrire
195 3434 320 3501 debent
334 3454 416 3522 quae
439 3433 473 3499 lr.
491 3433 516 3500 l.
529 3429 601 3520 Ap.
620 3429 725 3514 dixit,
755 3455 773 3498 a
797 3433 902 3502 Paulo
924 3437 966 3502 ad
982 3437 1116 3506 Christi
1131 3440 1184 3505 di·

26 3604 30 3610 ,
61 3524 250 3612 soiplinarn
268 3541 330 3584 non
345 3515 582 3586 adductisunt.
633 3517 849 3587 Theodoram
871 3529 906 3587 et
932 3522 1039 3592 schol.
1061 3519 1183 3600 Macco.

59 3608 120 3711 pipo
140 3605 351 3690 προςφορᾶν
368 3607 433 3669 τῶν
455 3600 571 3704 idacio·
584 3599 757 3712 id‚“qu⁰d
776 3607 919 3712 gentiles
934 3607 1009 3674 Deo
1031 3609 1184 3716 offerant,

60 3691 893 3861 totaolie'ldtitttlttltlttttiltnt
905 3713 1184 3862 {titillat}
1211 3719 1245 3834 .'

60 3865 210 3930 sincera.
261 3861 493 3938 Theodoretuc:
516 3861 572 3922 καὶ
585 3859 623 3922 τὸ
640 3858 701 3939 μὲν
721 3859 871 3947 κήρυγμα
891 3858 1080 3947 ἱερουργίανΙ
1101 3858 1183 3930 ἑκά-

61 3948 140 4013 λεσε
165 3946 351 4033 (Paulus),
387 3941 459 4031 τὴν
487 3942 531 4008 δὲ
556 3942 734 4028 γνησίαν
762 3945 910 4011 πίστιν
939 3943 1182 4032 commemor

60 4025 284 4183 ppogppopoia.
329 4025 631 4180 tlllicireloenpsealrpc
654 4027 719 4130 dici
741 4029 807 4180 {ihbi
829 4033 1183 4184 pprppasiffiipcpim-

60 4124 1039 4290 ,litattotalitatelatitattotino,
1055 4119 1181 4286 idei}

61 4290 178 4356 tilium
193 4285 397 4369 sacrificatio
410 4286 485 4351 Deo
507 4291 601 4366 grata
622 4285 892 4370 reductorum),
919 4286 943 4354 i.
962 4309 993 4354 e.
1016 4296 1053 4352 ut
1074 4289 1181 4372 genti·

60 4376 146 4442 lium
161 4375 302 4454 cultus,
324 4371 447 4461 quippe
460 4389 539 4440 vero
556 4367 631 4437 Deo
644 4372 810 4453 tributus,
840 4373 1087 4526 Deolpc2mptns
1108 4371 1182 4440 red·
