2806 5014
381 341 502 438 cup
524 340 611 412 xu.
654 340 723 409 vs.
750 341 803 410 17.
826 347 870 408 et
890 341 955 410 18..
983 393 987 404 .
1151 343 1227 426 ,os

61 547 64 551 ’
116 513 159 590 (v.
173 500 447 574 Matthaeiuscd.
465 501 561 581 min.)
590 496 769 566 Lectiones
780 490 1026 580 προνοούμενοι
1038 497 1126 566 ataid
1137 495 1226 570 itot-

117 615 197 660 πιον
211 585 274 656 τού
289 589 377 671 θεοῦ
390 589 448 654 καὶ
462 583 607 652 ἐνώπιον
623 583 689 648 τῶν
711 577 905 667 ἀνθρώπων
925 587 960 648 et
978 587 1226 670 προνοούμενοι

18 703 22 710 ·
117 676 202 744 sold
227 672 267 741 ού
288 669 391 756 μόνον
414 668 560 740 ἐνώπιον
582 671 644 736 τοῦ
665 667 769 746 θεοῦ,
803 663 891 734 ἀλλὰ
914 668 972 733 καὶ
993 663 1227 740 deducereris

40 791 42 798 ‚
116 759 308 842 ἀνθρώπων
327 760 368 824 ah
385 759 428 824 iis
442 755 609 846 proiectae
622 763 719 836 sunt,
741 755 799 840 qui
812 749 953 818 Paulum
967 755 1136 842 expressis
1151 774 1229 826 ver-

116 845 169 913 bis
184 847 329 926 dixisse,
349 844 437 932 quod
451 843 483 908 ei
498 843 532 907 in
548 850 656 906 mente
671 840 776 906 luisse
791 859 846 903 res
860 836 974 920 docet,
995 847 1137 928 aequum
1149 865 1227 911 ceo.

116 939 276 1012 suerunt,
302 953 438 1020 operam¹
451 927 613 994 Romanis
634 924 774 992 dandam
794 946 887 1007 esse,
912 931 950 990 ut
971 945 1037 991 non
1059 928 1228 1016 simulate,

116 1015 179 1084 sed
201 1039 244 1084 ex
267 1015 370 1082 animi
392 1012 558 1092 sententia
581 1012 770 1078 hominibus
793 1018 883 1076 recte
907 1031 1008 1093 agero
1037 1011 1232 1086 viderentur

118 1104 231 1172 Deum
253 1101 403 1169 reveriti.
455 1099 523 1166 Sed
546 1097 747 1185 posterioris
769 1095 955 1186 scripturae
977 1103 1135 1168 auctores
1156 1103 1232 1172 lon·

116 1199 203 1270 tem,
227 1211 267 1254 ex
284 1210 348 1275 quo
363 1187 653 1273 interpolationem
669 1182 860 1249 hausissent
876 1181 912 1266 (2
927 1179 1004 1250 Gor.
1020 1182 1147 1274 8,21.)‚
1169 1190 1232 1258 im.

56 1281 59 1288 '
116 1277 228 1366 perite
242 1271 474 1363 prodiderunt.
518 1272 612 1358 Apte
627 1269 666 1336 P.
687 1267 803 1336 2Cor.
817 1266 910 1348 8,21.
930 1268 1233 1366 scripsit-repo-

118 1355 1013 1457 νοούμενοινολὰούμόνονὲνώπιονκυρίου,
1039 1367 1234 1442 ἀλλὰκαὶ
1275 1375 1277 1384 '

119 1473 305 1544 ἐνώπιον
326 1459 613 1559 ἀνθρώπων,
643 1478 680 1537 ut
697 1471 920 1556 signiticaret,
947 1474 1055 1539 virum
1075 1473 1234 1542 christis-

119 1583 199 1630 uum
223 1581 263 1624 ex
286 1571 447 1646 suopvoto
470 1561 684 1626 ecclesiarum
707 1558 869 1643 suffragio
891 1558 1031 1624 electum
1055 1579 1147 1641 essa,
1200 1564 1236 1632 ui

119 1648 244 1736 stipem
268 1666 379 1712 secum
393 1645 631 1732 Hierosolyma
650 1645 835 1732 perferret,
863 1665 906 1708 ne
929 1645 1004 1730 quis
1026 1665 1063 1711 se
1084 1583 1237 1716 nonnihil
1316 1686 1322 1696 ·

118 1731 282 1822 pecuniae
297 1732 528 1797 intervertisse
543 1731 713 1796 crederet:
734 1729 858 1818 quippe
873 1751 909 1794 se
924 1729 958 1794 id
975 1729 1099 1813 adniti,
1120 1739 1159 1798 ut
1171 1753 1238 1800 non

104 1819 263 1884 soluma
279 1818 373 1898 Deo,
396 1817 449 1881 oui
466 1816 727 1882 sua'innocentia
741 1811 916 1901 explorata
931 1817 994 1897 sit,
1007 1835 1120 1892 verum
1133 1819 1256 1884 etiami

120 1904 167 1966 eh
184 1900 391 1983 hominibus,
409 1902 466 1988 qui
481 1902 660 1990 suspiciosi
675 1902 762 2007 sint3
780 1903 913 1986 integer
923 1901 1106 1991 judicetur.
1150 1904 1239 1970 Gou-

68 1991 71 1998 ’
120 1995 182 2054 tra
212 1987 247 2053 b.
276 1988 302 2053 l.
332 1984 579 2072 προνοούμενοι
602 1985 687 2051 καλὰ
716 2008 762 2050 ov
791 1980 919 2067 μόνον
948 1986 1131 2053 ἐνώπιον
1158 1990 1240 2056 cois

123 2073 417 2174 ἀνθρώπων,
454 2081 561 2150 ἀλλὰ
584 2087 653 2152 καὶ
676 2082 861 2152 ἐνώπιον
880 2090 957 2153 τοῦ
978 2078 1096 2150 θεοῦ
1124 2079 1238 2155 ύίοοοὲ

122 2175 205 2240 dum
219 2174 351 2240 lueret:
371 2192 502 2259 operum
516 2171 649 2256 duoles,
670 2177 708 2237 ut
720 2193 783 2236 non
795 2171 896 2237 solum
914 2172 1021 2239 homi
1028 2192 1118 2240 oum
1135 2173 1238 2262 judi-

121 2261 178 2326 cio
192 2261 382 2407 (qui-saepe
404 2257 569 2322 tolluntur
592 2265 626 2321 et
648 2256 790 2322 virtutis.
805 2258 1053 2325 simulationem
1074 2281 1148 2326 curn
1170 2260 1240 2327 vir·
1343 2266 1346 2276 ⁴

82 2422 86 2430 Ι
121 2351 200 2410 tute
214 2345 334 2409 coniun
362 2347 454 2426 not),
476 2341 532 2405 sed
545 2342 645 2406 etium
659 2342 744 2407 Deo
757 2341 872 2428 judice
886 2345 962 2431 (qui
985 2343 1154 2412 hominum
1178 2365 1239 2414 co-

118 2430 234 2517 pituto
249 2428 429 2518 perspicit,
451 2427 483 2508 8,
492 2428 559 2506 27.)
573 2434 686 2493 sancte
698 2427 827 2494 vivatis.

213 2513 258 2583 VJ
276 2514 329 2583 18.
373 2515 533 2580 Erasmus
549 2505 579 2574 si
595 2509 734 2576 δυνατόν
740 2559 750 2590 ,
779 2512 867 2599 quod
889 2513 960 2580 aod
974 2511 1012 2592 ἐξ
1027 2509 1120 2599 ὑμῶν
1139 2535 1242 2583 sensu

122 2599 337 2666 nondifferre
352 2597 561 2676 credidisset,
579 2597 690 2662 verbis
704 2599 981 2686 praecedentibus
989 2599 1122 2690 junxit:
1138 2625 1244 2692 προ-
1313 2641 1319 2650 -

124 2684 361 2767 νοούμενον
383 2677 488 2748 καλοὶ
512 2665 697 2747 docturos
724 2682 889 2747 πάντων
918 2683 1173 2770 ἀνθρώπων,
1211 2683 1244 2754 si

124 2771 328 2835 δυνατόν·
350 2769 390 2836 τὸ
407 2766 444 2845 ἐξ
457 2761 549 2847 utputo
561 2791 595 2846 μ.
611 2787 648 2832 π.
664 2761 696 2832 ci.
712 2765 948 2853 sipontum.
991 2771 1082 2839 Huic
1101 2772 1244 2839 consilio

124 2862 161 2920 et
179 2857 358 2922 verborum
374 2851 405 2920 εἰ
419 2848 746 2918 ύονατόνοοΙΙοονῐίο
762 2864 795 2916 et
810 2857 975 2920 sententia
993 2858 1117 2925 obstat.
1149 2858 1244 2925 Sem·
1370 2911 1375 2918 .

123 2961 191 3030 per
208 2942 294 3006 enim
310 2948 345 3005 et
359 2939 483 3024 ubique
497 2937 572 3000 fieri
586 2946 717 3022 potest,
745 2949 783 3003 ut
799 2939 944 3005 omnium
965 2943 1132 3007 hominum
1153 2942 1245 3032 judi·
1287 2971 1294 2986 =

33 3074 55 3088 ,.
125 3027 182 3091 cio
209 3029 347 3092 honeste
372 3045 472 3108 agere
495 3022 688 3086 studeamus
710 3027 757 3105 (v.
781 3021 937 3106 Meyerus
959 3033 993 3091 et
1016 3027 1259 3114 Rteeoltertuo).·

124 3110 207 3178 lmo
223 3109 254 3178 si
271 3108 410 3177 δυνατόν
424 3107 538 3176 verbis
551 3104 591 3171 τὸ
607 3103 645 3184 ἐξ
657 3104 749 3187 ύμῶν
763 3109 951 3176 accuratius
966 3112 1136 3179 definitur.
1172 3111 1245 3178 Pax

126 3204 246 3263 mutua
264 3198 431 3263 hominum
448 3191 622 3258 eoncordia
637 3203 701 3261 est.
746 3192 882 3260 Servari
898 3217 962 3282 pax
977 3199 1110 3286 nequit,
1131 3207 1200 3265 turn
1217 3197 1248 3265 si
1348 3201 1350 3208 '

127 3285 192 3348 alii
206 3285 241 3348 in
257 3303 337 3372 pace
356 3281 527 3346 nobiscum
549 3299 744 3366 permanere
764 3281 933 3348 noluerint
959 3287 1001 3370 (1
1019 3285 1097 3352 h'or.
1119 3287 1152 3366 7,
1169 3285 1249 3434 1⁵³,

43 3391 46 3400 ’
126 3379 204 3434 tum
219 3370 248 3434 si
265 3368 432 3432 sanctiore
449 3364 558 3430 oliioia
575 3372 621 3444 (v.
638 3387 667 3432 c.
681 3365 792 3452 pictas
806 3377 841 3432 et
859 3369 976 3435 bonam
992 3371 1113 3436 famam
1130 3379 1209 3437 tuen
1235 3370 1248 3437 i

127 3454 316 3536 studium),
333 3461 369 3518 nt
382 3475 454 3516 oum
471 3451 633 3538 improbis
647 3451 837 3532 hominihus
876 3475 965 3522 arem
982 3478 1175 3545 rumpamus
1187 3477 1251 3544 ρο-

129 3539 351 3607 stulaverint.
396 3537 516 3624 ltaque
533 3534 571 3616 Ρ.
588 3536 649 3599 hoc
663 3534 775 3604 dieit:.
792 3538 823 3602 ei
838 3475 915 3622 sieri
934 3551 1041 3627 potest
1060 3564 1122 3645 per
1144 3542 1250 3610 homi·
1348 3545 1354 3556 ‘

71 3695 77 3702 ,
129 3649 213 3706 nes,
242 3625 438 3711 quibuscum
464 3629 496 3687 in
514 3641 595 3710 poce
608 3616 781 3687 vivendum
798 3633 850 3689 est
862 3636 897 3690 et
909 3649 971 3715 per
986 3629 1096 3693 oliicra
1114 3647 1251 3693 concor·

128 3712 212 3777 diae
236 3711 348 3775 studio
371 3707 516 3798 majora,
546 3713 702 3794 precntum
732 3729 783 3773 ecc
809 3710 922 3776 nodis
948 3709 1024 3796 fieri
1049 3721 1156 3796 potest
1177 3734 1250 3780 curo
1306 3761 1325 3804 ⁴-

11 3807 16 3868 T
130 3793 805 3876 omnibushominibustnonsolumcum
821 3793 1044 3880 Christianis,
1070 3797 1252 3867 sedetiam
1300 3810 1315 3828 ¹

130 3905 211 3950 eum
227 3877 367 3952 Jhdaeis
386 3888 420 3946 ct
442 3878 598 3968 paganis)
619 3899 731 4026 ppeem
750 3879 878 3964 agitate
900 3883 933 3951 h.
953 3905 984 3952 e.
1005 3905 1141 3972 operam
1164 3883 1254 3968 date,

132 3992 178 4034 ne
194 3991 247 4034 vos
259 3977 383 4032 temere
398 3965 486 4055 apud
501 3964 586 4028 alios
602 3985 620 4026 o
646 3963 780 4028 endatis
796 3987 902 4054 neque
918 3977 1180 4051 coagmentatum
1194 3985 1253 4060 pa·
1284 4042 1290 4050 ,

133 4071 208 4120 cem
225 4054 288 4138 ipsi
303 4055 398 4140 prius
412 4049 596 4136 rumpatis,
619 4069 717 4135 quam
732 4048 766 4115 id
780 4054 992 4119 sanctissima
1007 4055 1116 4120 officia
1137 4057 1254 4144 utique

133 4141 368 4229 poposcerint.
408 4137 557 4202 Grotius:
572 4133 758 4216 „Omnium
773 4139 872 4202 amici
886 4148 978 4221 oste,
995 4141 1025 4206 si
1037 4141 1111 4206 lieri
1124 4150 1256 4231 potest3
1319 4162 1326 4172 ‘

135 4228 169 4290 si
188 4246 252 4291 non
266 4229 378 4311 potest
393 4222 580 4306 utrimque,
603 4232 693 4287 certe
712 4241 753 4286 ex
774 4227 884 4290 cresus
907 4229 1011 4316 parte‘
1027 4226 1124 4293 amici
1147 4226 1254 4296 este.''
1384 4266 1387 4270 ·

133 4309 178 4376 τὸ
194 4310 231 4388 ἐξ
250 4305 360 4394 ὑμῶν]
389 4315 544 4396 potantum
569 4325 614 4370 ecc
632 4305 721 4372 vobis
739 4303 814 4388 (ieri
834 4319 950 4395 potest.
994 4311 1087 4380 Haec
1109 4315 1251 4380 formula
1297 4391 1301 4396 V

133 4417 217 4462 reno
231 4397 368 4483 legitur.
415 4391 502 4476 Vide
517 4401 627 4459 temen
642 4389 836 4462 Phalaridis
851 4395 1028 4487 epistolam
1044 4409 1197 4489 quartam
1213 4437 1254 4449 -

1135 4765 1156 4844 ἱ
1205 4859 1213 4870 ,
