2806 5014
530 365 651 445 GAP.
672 365 781 444 Xlll.
979 437 980 442 ,
1145 371 1210 442 lbi

106 529 139 590 at
154 521 300 604 Samon,
321 521 496 610 gentilium
511 529 660 607 rectore,
687 519 899 612 opinionibus
921 521 1041 592 imbuti
1061 530 1121 591 aut
1141 545 1210 592 ma·

105 609 303 694 gistratibus
323 610 471 676 romanis
482 618 552 674 tum
569 611 837 694 refragarentur,
859 612 919 674 aut
932 610 1050 676 saltem
1065 605 1106 678 P.
1120 631 1161 678 ne
1176 609 1211 678 id

99 697 250 762 tammus
265 702 440 770 metueret.
482 695 551 762 lios
573 703 682 761 autem
697 693 927 776 Christianos,
954 693 1013 782 qui
1031 695 1211 782 aliquanda

104 782 247 866 gentiles
261 780 422 862 luissent,
444 784 482 846 ut
495 801 700 869 paganorum
715 781 933 866 magistratus
951 785 1212 864 contemnerent,

104 865 207 932 multa
225 886 355 931 movere
370 876 569 956 potueruut,
591 863 691 932 Pauli
704 864 958 934 declamationis
971 886 1030 952 per
1040 864 1211 934 Christum

102 952 135 1018 ia
150 950 343 1019 libertatem
364 949 542 1017 vindicatis
565 951 716 1018 doctrina
737 951 822 1016 male
841 951 1011 1016 intellecta
1031 953 1069 1037 (l
1085 951 1164 1019 Cor.
1178 951 1213 1034 ⁷,

101 1035 155 1104 23.
174 1034 671 1122 Gal.5,1.ot.1l’oo.2,16.)‚
699 1037 886 1126 propinqua
907 1035 1036 1102 Christi
1058 1034 1099 1101 de
1117 1037 1213 1104 coelo

103 1120 233 1188 reditus
246 1143 373 1212 perque
385 1143 460 1187 eum
474 1122 508 1188 in
524 1122 706 1214 hominess
723 1121 849 1189 Christi
870 1121 976 1188 sacris
1000 1122 1130 1194 alienos
1150 1121 1214 1188 im·

103 1207 190 1358 perii
206 1208 250 1272 im
273 1207 406 1310 ptraodi
422 1229 502 1296 spes
520 1206 634 1292 (Rom.
651 1209 704 1320 13Ξ
722 1209 775 1274 ll.
789 1205 897 1275 lioba.
911 1208 964 1310 lli,
978 1205 1033 1273 25.
1053 1208 1072 1272 l
1089 1205 1214 1294 cona,
1252 1255 1254 1262 ι

104 1289 1213 1466 sitsi,:inabstracta,tinilttitttitiiat

102 1483 221 1529 causas
250 1462 292 1527 ad
315 1463 490 1548 gentilium
512 1465 728 1548 magistratus
750 1463 921 1528 delerrent
937 1461 1042 1530 lCur.
1055 1463 1155 1544 aas
1181 1483 1214 1566 q.

104 1556 138 1612 et
158 1569 368 1615 romanorum
389 1549 626 1636 imperatorum
649 1548 819 1636 (Tiberii,
847 1548 1038 1632 Caligulae,
1068 1485 1215 1632 claudia,

16 1691 17 1694 ,
103 1631 269 1717 Neronis)
291 1633 460 1720 nequitia,
489 1656 574 1721 quae
594 1634 728 1718 singula
751 1634 852 1699 etiam
875 1655 988 1698 eorum
1004 1633 1215 1700 Christiano·

16 1713 17 1724 ’
104 1737 199 1798 ruas,
219 1720 277 1822 qui
290 1718 409 1787 ludaei
422 1719 584 1808 fuissent,
605 1719 734 1784 animos
748 1719 886 1783 irritare
903 1727 1095 1806 potuerunt.
1136 1718 1215 1804 Quo

103 1805 285 1886 malignius
307 1811 415 1870 autem
433 1805 665 1886 Christianos,
695 1804 783 1890 quod
801 1814 908 1868 totum
921 1802 1033 1868 orbem
1050 1816 1216 1869 terrarum

103 1887 242 1958 Christo
264 1890 298 1955 in
312 1889 468 1956 Caesaris
488 1891 597 1955 locum
620 1888 761 1992 sullecto
774 1890 968 1972 turbarent,
990 1886 1216 1992 Judaeiiocu3

102 1972 1218 2146 tittliititil„ttt'ittittligillatita?tt!

102 2145 271 2230 gistratus
287 2145 543 2210 contemsisseut
563 2144 712 2214 doctrina
733 2145 915 2210 christiana
938 2165 1091 2226 maguum
1112 2143 1217 2210 detri-

104 2237 252 2296 mentum
265 2230 449 2317 aeciperet‚
469 2237 564 2295 tento
578 2231 761 2317 impensius
777 2229 920 2294 Bouiani
937 2238 974 2294 ut
998 2229 1217 2313 magistratus
1262 2228 1269 2240 '

103 2315 309 2380 honorarent
336 2335 355 2377 e
380 2312 486 2379 Paulo
516 2314 712 2379 admonendi
743 2324 852 2382 erant.
904 2312 1111 2400 Quamquam
1137 2314 1217 2378 haec

103 2398 440 2552 ttttlttthti
459 2399 1217 2572 attrahitistitillo„‘bittit‘

321 2531 331 2566 r
423 2533 434 2566 r
1201 2520 1218 2535 “

104 2591 160 2635 ces
175 2571 335 2651 iecerint,
357 2567 489 2636 aPauii
502 2570 615 2636 verbis
629 2570 701 2634 erui
715 2591 778 2634 non
800 2591 919 2658 posse,
948 2592 966 2635 e
987 2569 1108 2657 quibus
1130 2569 1218 2636 nihil
1313 2625 1314 2632 ,

104 2656 173 2720 nisi
187 2656 249 2722 hac
264 2664 500 2739 cognoscetur,
522 2656 626 2721 luisse
645 2653 788 2736 Romae,
810 2655 868 2742 qui
884 2653 1138 2736 magistratibus
1153 2654 1218 2719 tri·

103 2740 206 2823 bata,
228 2740 404 2824 vectigalia
419 2752 452 2806 et
468 2740 688 2806 reverentiam
705 2746 865 2824 negarent
879 2743 927 2824 (v.
937 2741 987 2822 7.)
1003 2736 1144 2805 Paulum
1159 2745 1220 2806 taut

103 2845 145 2891 cx
158 2825 277 2891 amicis
292 2824 461 2890 erudivisse
475 2828 548 2910 (16,
556 2827 589 2892 3.
599 2827 690 2911 sap),
716 2834 774 2890 aut
787 2825 896 2924 ipsum
911 2825 1116 2912 suspiratam
1130 2846 1220 2894 csse·

105 2911 236 2978 Vener.
257 2911 387 2977 Bararus
413 2911 479 2996 (cl.
507 2909 659 2994 attinget
680 2910 835 2992 gritidpuft
861 2910 910 2988 liu
938 2910 1096 2995 fdbtulogia
1119 2910 1218 2979 1836.

105 2998 189 3065 lasa.
204 2994 277 3062 lll.
297 3017 332 3083 p.
349 2997 412 3060 130
429 2997 498 3082 sq.)
521 2991 680 3074 Paulum,
709 2990 797 3079 quod
820 2992 963 3057 Romani
986 2991 1220 3082 Ebionitarum

105 3083 265 3170 opinione
280 3081 398 3145 imbuti
415 3080 631 3163 magistratus
645 3101 666 3144 a
679 3078 808 3144 Marsa
832 3077 1034 3144 constitutos
1057 3099 1132 3143 esse
1156 3101 1220 3165 pu·

106 3173 257 3248 tassent,
293 3185 353 3231 aas
379 3165 488 3231 Deam
517 3163 733 3230 constituisse
760 3164 795 3228 h.
817 3162 842 3231 l.
871 3162 1060 3232 ostendisse
1088 3163 1221 3231 statuit.

106 3251 200 3318 llaec
217 3251 383 3316 sententia
396 3250 450 3314 vel
460 3250 492 3314 si
506 3248 604 3314 Pauli
620 3248 720 3314 verba
734 3248 1001 3328 consideraveris
1013 3269 1129 3338 perum
1141 3269 1221 3337 pro·

105 3339 233 3404 babilis
253 3335 406 3404 videatur
427 3356 565 3400 necesse
585 3343 650 3401 est.
703 3331 793 3400 Nam
816 3343 855 3400 ut
875 3333 1093 3419 magistratus
1113 3356 1176 3400 asoa
1198 3356 1222 3401 a

106 3425 259 3502 Salona,
289 3422 347 3486 sed
366 3443 389 3488 a
407 3422 480 3486 Deo
499 3419 701 3486 constitutos
722 3437 798 3487 csse
819 3418 1124 3500 demonstraretur,
1155 3439 1222 3486 non

107 3509 192 3576 satis
222 3515 297 3572 eret
318 3507 380 3570 hoc
400 3506 466 3571 dici
486 3527 556 3572 aare
574 3505 789 3590 magistratus
809 3505 950 3590 dimona,
983 3507 1134 3591 quioniam
1152 3504 1220 3570 Dei

89 3596 177 3664 *loco
197 3591 259 3680 jue
277 3591 456 3660 bominibus
469 3591 560 3656 duat:
583 3593 644 3655 hoo
656 3588 735 3654 addi
750 3588 882 3656 debuit:
903 3589 958 3676 pai
965 3587 1139 3675 justitiam
1153 3611 1220 3656 aa·

108 3681 261 3758 assant,
280 3676 397 3762 probos
410 3675 551 3742 heminas
563 3682 730 3758 tueantur,
749 3674 909 3760 improbos
922 3675 1061 3758 proniani
1075 3695 1128 3740 eoa
1141 3676 1223 3742 Sa·
1246 3723 1249 3736 a
1327 3721 1336 3734 a

108 3773 241 3833 tanae
266 3760 431 3840 ministros
458 3781 526 3827 ease
552 3759 692 3826 oderade
718 3759 915 3826 caiatimcri.
973 3757 1088 3822 Minus
1115 3761 1217 3825 etiam

109 3849 221 3917 Baari
240 3845 429 3938 conjectura
450 3852 522 3911 tum
546 3843 733 3933 placuerit,
771 3865 871 3932 qoam
892 3841 1125 3909 Ebionitarom
1149 3844 1240 3946 opi-v

108 3936 243 4002 omnem
261 3929 473 4020 expenderis.
522 3930 592 4015 Qui
615 3951 715 4017 quum
738 3930 847 3994 Deum
868 3927 1014 3994 Satanae
1034 3921 1093 3993 ado
1115 3923 1223 3996 αἱωνα

110 4023 243 4101 τοῦτον,
264 4018 399 4085 Christo
410 4013 469 4084 adr
479 4015 645 4100 μέλλοντα
658 4011 766 4082 αἰῶνα
780 4012 964 4106 subjecisse
978 4013 1225 4102 putaveram),

111 4143 344 4156 m

145 4189 181 4258 s)
201 4187 366 4270 Epiphanius
380 4184 490 4240 llaeres.
503 4185 548 4254 30,
562 4187 603 4241 16.
622 4215 657 4226 -—
674 4177 876 4272 adsurgens,
900 4178 935 4274 sip
947 4185 1037 4272 lappa,
1057 4189 1225 4274 quamsaepe

182 4260 484 4396 iiaiffia'idili
493 4257 620 4394 ἷὲρῗὲιῖῑὶ
633 4254 813 4392 littitt’t
823 4261 972 4395 iiiiii&
983 4255 1224 4392 *liniie'ilriill

189 4417 238 4453 raa
257 4396 306 4452 so'r
325 4401 456 4467 Kiioor,
473 4394 523 4451 adr
540 4394 572 4452 δὲ
591 4393 728 4464 Διέβαλον
744 4397 849 4452 τοῦτον
863 4397 1046 4452 neumatibus
1063 4395 1112 4450 adu
1125 4398 1225 4462 aidus,
