2782 5018
431 365 549 453 cnr,
573 317 657 434 xv,
702 364 773 439 vs.
795 368 863 439 33.
1132 373 1198 440 333

88 525 190 614 spelei
209 521 289 609 μεθ’
309 519 400 604 dunis
420 529 455 588 et
478 515 739 606 ἄναψὺξωμιθ
755 513 848 604 duvia
867 523 1021 606 vulgatae
1041 525 1196 594 lectionis
1259 526 1266 536 '

89 607 377 697 συναναπαύωμαι
397 602 474 691 ὑμῖν
493 609 696 711 5133333333
713 614 803 676 sunt.
846 606 930 674 Nem
959 631 976 672 3
998 613 1105 698 primo
1127 614 1196 677 ior-

89 718 217 762 marum
237 689 402 779 ἀναψνχῶ
430 699 465 756 et
483 685 646 776 αναψὺξω
675 631 1108 781 313333333113111333333,
1137 699 1195 785 qui

89 803 149 846 333
170 780 331 859 offerunt,
357 776 455 842 tidem
478 777 609 844 minuit.
656 775 788 842 Deinde
809 781 848 846 P.
869 779 1010 866 simplex
1032 778 1195 849 ἀναπαύω

90 869 110 932 1
124 866 199 934 Cor.
216 868 268 944 16,
286 861 572 948 3833113333.
588 868 623 926 et
645 857 861 943 ἀναπαύομαι
878 864 985 931 2Cor.
1001 873 1034 941 7,
1049 867 1100 930 13ζ
1115 867 1196 932 Phi·
1223 863 1227 870 ⁴

87 953 166 1020 lem.
181 954 210 1017 7.
232 949 433 1035 aliquoties,
456 943 621 1030 ἀναψύχω
646 949 749 1011 semel
771 951 997 1015 tautummodo
1019 951 1146 1019 ²Tim.
1164 961 1196 1034 l,

89 1040 143 1104 lo.
163 1057 246 1102 usur
272 1035 348 1101 avit.
397 1033 499 1098 Falso
521 1029 678 1098 ltetcttus
704 1033 761 1096 uei
784 1031 1090 1117 συναναπαύσωμαι
1118 1031 1197 1117 ὑμῖν

63 1195 68 1203 1
89 1142 152 1210 pro
167 1125 223 1185 noi
260 1120 397 1205 ναψαχῶ
410 1114 486 1200 μεθ’
506 1113 599 1198 ὑμῶν
613 1116 684 1182 3133
698 1118 756 1182 καὶ
767 1114 926 1200 ἇναψύξω
938 1113 1016 1201 μεθ’
1031 1117 1122 1203 ὑμῶν
1134 1143 1194 1188 333

79 1207 282 1296 scripsisse,
305 1207 362 1291 qui
376 1207 509 1269 verbum
526 1223 645 1290 porum
660 1201 819 1268 usitatum
835 1197 998 1291 ἀναψύχειν
1012 1206 1112 1271 verbo
1127 1229 1197 1272 ma·
1307 1261 1312 1278 .

89 1295 143 1378 gis
158 1286 577 1372 usitatooovoronosiopuo
590 1301 630 1352 ex
654 1287 831 1354 lieuissent
851 1287 1070 1358 existimavit(
1107 1289 1196 1360 Nan
1283 1345 1287 1360 ι

90 1373 371 1455 σαναναπαόομαι
393 1395 470 1438 raro
499 1309 815 1457 legasdi’lutareh.
846 1371 941 1443 Brut.
961 1396 988 1440 e.
1010 1377 1059 1441 13.
1082 1375 1197 1448 Lxx.
1384 1379 1386 1386 ⁴

90 1461 161 1532 Jes.
184 1463 316 1546 1t‚6.).
359 1463 533 1524 Postremo
563 1457 675 1522 verbis
703 1461 760 1524 καὶ
781 1453 1089 1544 συναναπαύσωμαι
1109 1457 1197 1545 ὑμῖν

36 1584 43 1594 .
90 1567 191 1633 aegre
205 1560 363 1611 caremus.
407 1543 519 1610 Nimis
534 1542 620 1608 noda
636 1551 708 1625 est,
728 1545 758 1609 si
771 1565 810 1610 ea
824 1540 1011 1627 deleveris,
1035 1549 1198 1635 Apostoli

17 1679 24 1696 .
90 1633 208 1698 oratio.
258 1630 340 1700 Jure
359 1635 606 1716 exspectemus}
632 1628 773 1694 Paulum
796 1649 859 1695 noo
880 1631 975 1696 modo
1003 1633 1197 1717 33133333,

91 1720 121 1784 si
138 1719 231 1783 Deus
247 1715 388 1795 dederit,
409 1715 452 1780 ed
467 1714 634 1780 Romanos
648 1716 735 1781 33113
749 1716 862 1782 venire
878 1714 1000 1798 diesne,
1022 1715 1079 1782 sed
1096 1720 1196 1784 etiam

90 1802 318 1896 hujuscemodi
334 1801 531 1867 sententiam
544 1797 684 1868 addere:
697 1822 742 1872 ,se
764 1823 863 1887 quum
878 1799 1016 1866 Romam
1039 1825 1198 1890 pervere·
1245 1833 1247 1838 ’

18 1925 21 1930 -
91 1891 139 1955 rit
159 1889 383 1954 Romanorum
405 1884 663 1966 consuetudine,
685 1884 853 1951 Romanos
874 1885 936 1952 sud
957 1889 1197 1954 consuetudine

92 1975 252 2040 delectari
271 1974 366 2038 33113.
419 1971 514 2056 Quae
536 1990 635 2058 quum
661 1971 1197 2040 11331313.καὶσαναναπαύσω-“

92 2083 157 2142 μαι
176 2054 252 2138 tntu
272 2055 480 2122 Griesbaetio
508 2057 581 2121 sine
611 2055 681 2122 ulle
707 2057 807 2120 333331
829 2064 983 2144 suspecta
1013 2058 1083 2124 visa
1107 2069 1196 2129 sunt.

92 2143 207 2234 Hujus
222 2143 423 2208 voluntatem
440 2162 522 2206 aueu
549 2147 624 2206 atus
644 2141 901 2224 Tischendorfius
915 2163 1000 2207 3333.
1020 2145 1076 2207 καὶ
1096 2165 1200 2208 συνα-

93 2227 322 2310 ναπαὺσωμαι
343 2221 420 2306 ὑμῖν
442 2227 495 2292 ed.
543 2227 605 2313 ips.
622 2228 800 2317 expunxit,
821 2224 881 2294 sed
896 2238 1014 2315 postea
1028 2227 1198 2297 intellecto

94 2317 211 2378 errore
232 2336 270 2378 ea
286 2313 436 2376 restituit
452 2311 502 2386 ed.
514 2312 632 2378 Paris..

180 2397 222 2462 V.
229 2399 283 2464 33.
306 2397 463 2484 Plerique
478 2398 681 2482 interpretes
695 2393 755 2461 τὸν
769 2393 852 2460 θεὸν
865 2397 924 2481 τῆς
940 2390 1074 2482 εἰρήνης
1090 2399 1198 2467 Deum

92 2483 279 2548 concordiae
302 2482 494 2566 largitorem
518 2482 685 2567 explicant
703 2481 844 2546 Paulum
868 2481 951 2546 hono
969 2491 1046 2547 voto
1070 2483 1111 2546 ad
1140 2489 1199 2550 ad·
1230 2531 1232 2538 ·

93 2568 294 2633 monitiones
311 2575 363 2647 14,
375 2567 510 2646 1.-15,
527 2567 576 2632 13.
591 2566 701 2631 redire
716 2565 881 2642 arbitrati.
924 2567 1082 2635 Grotius:
1102 2570 1199 2650 „Hoc

94 2652 197 2733 dieit,
218 2663 255 2718 ut
275 2653 337 2716 hue
357 2652 462 2735 magis
478 2651 648 2716 Romanos
662 2671 680 2714 a
695 2651 779 2716 rixis
794 2651 953 2718 avertat?
1007 2651 1075 2718 Sed
1097 2677 1198 2741 quum

2 2766 3 2769 ¹
93 2737 216 2802 huntam
230 2747 341 2802 uotum
357 2739 390 2802 in
405 2737 569 2820 longioris
586 2737 626 2801 de
639 2737 711 2802 suis
726 2737 826 2801 rebus
839 2736 1078 2824 disputationis
1093 2739 1144 2823 15,
1157 2745 1200 2814 14

2 2872 5 2884 .
66 2865 68 2876 .
92 2824 197 2888 -32.
211 2824 359 2890 elausulti
373 2826 443 2911 Ap.
457 2822 607 2924 posuerit
622 2842 727 2907 eoque
740 2822 915 2887 verborum
927 2845 965 2908 3.
979 2824 1031 2889 32.
1054 2823 1111 2890 διὰ
1132 2833 1198 2892 tte-
1296 2819 1304 2836 ⁸

67 2995 70 2998 Ι
94 2909 246 2996 λήματος
271 2909 376 2974 θεοῦ
404 2916 566 2974 rationem
588 2907 704 2972 haberi
721 2907 932 3058 persppouum
956 2909 1019 2989 sit,
1045 2908 1199 2976 1333313-

21 3063 26 3068 ,
94 2994 372 3096 terpretationem
394 3014 504 3058 veram
524 3013 599 3057 esse
622 2999 779 3080 apparet:
839 3015 897 3057 eus
920 3001 1048 3072 autem,
1069 2997 1197 3080 3313113,

95 3079 271 3168 sciscitetis
285 3081 366 3164 (qud
381 3088 416 3142 ut
433 3081 540 3142 iaetus
556 3077 596 3142 ad
612 3099 670 3142 333
686 3077 812 3143 veniam
826 3087 999 3165 tantopere
1014 3099 1097 3160 egeo
1113 3104 1139 3144 v.
1155 3083 1204 3150 33

96 3161 964 3251 -32.)datorrobisomnibusadsit(opituietur).
1009 3162 1197 3250 Matones,
1307 3229 1309 3233 .
1352 3179 1355 3188 ¹

96 3251 154 3317 20.
175 3245 289 3334 Ἀμήν,
313 3250 400 3336 quod
414 3243 515 3336 ane.
532 3245 572 3317 F.
588 3249 696 3316 (oi-80.
717 3249 834 3315 Boeru.
849 3247 961 3336 abest,
982 3248 1199 3337 Griesbuotio,
1228 3266 1233 3274 “
1275 3313 1280 3318 .

96 3333 272 3420 11333μὶ3,
293 3333 663 3424 Laetmnnnoaliisquo
678 3342 865 3425 suspectum
882 3335 968 3402 fuit·
990 3333 1199 3423 Litargieuur
1234 3379 1237 3390 ·

97 3419 359 3488 additamentum
376 3441 451 3490 3333
467 3419 612 3489 videtur.

548 3717 770 3732 m
