2776 5018
280 323 282 333 ’
392 347 516 422 cur.
536 345 639 419 xiv.
685 347 758 418 κε.
779 349 835 420 ao.
856 351 929 424 σε..
1155 353 1294 430 oco.

100 506 397 576 communicatione
413 505 539 587 utitur,
561 512 670 572 tamen
688 501 822 588 &mum
837 503 1022 575 Romanum
1043 508 1086 576 ab
1104 529 1145 580 co
1164 511 1216 584 di-
1371 541 1374 554 ·

98 603 188 659 ctum
209 615 285 660 esse
306 598 457 694 apparet.
493 591 593 658 Ηιιοε
607 611 654 657 vs.
670 589 726 658 20.
740 591 919 682 compellat
933 592 986 679 μὴ
999 589 1108 662 ἕνεκα
1122 593 1218 686 βρώ-
1282 593 1286 602 ’

97 702 206 761 ματος
224 679 413 744 καταλοε
433 670 475 744 ud
497 673 670 762 ἔργοντοῦ
692 677 791 746 θεοῦ.
832 677 910 764 Quo
931 679 1020 744 iacto
1038 690 1216 772 postquam

97 765 202 832 eidem
222 787 292 833 rem
312 763 496 845 concessit,
527 763 594 851 quei
616 761 647 829 ie
667 782 762 828 suum
785 763 1000 832 interdictum
1021 787 1217 855 oppugnare

97 873 198 938 posse
213 850 384 918 videretur
406 848 611 932 (πάνταμὲν
630 844 804 934 καθαρά),
830 849 998 932 restabat,
1027 864 1066 918 ut
1083 873 1218 924 conces-
1247 911 1249 923 .

97 937 226 1002 sionem
242 959 306 1002 non
323 955 368 1000 ec:
381 934 455 1020 ejus
468 955 504 1000 re
516 955 610 1014 esse,
635 933 694 1010 sed
709 941 824 1002 corano
837 957 909 1002 eum
926 937 1039 1003 valore
1061 941 1219 1008 ostendo*-

96 1031 171 1104 ret,
194 1020 283 1110 qnod
297 1022 377 1086 iecit
391 1020 502 1086 verbis
516 1015 603 1084 ἄλλα
616 1019 719 1082 nenda
733 1017 823 1100 κτλ,
842 1022 873 1086 si
888 1026 1037 1088 nostram
1052 1024 1218 1115 interpre-

96 1107 396 1174 tationemiuiecis·
422 1107 544 1180 Altera
552 1104 752 1192 explicatior
765 1106 1004 1174 atinhunestus
1012 1112 1217 1180 estomnium

96 1195 247 1260 ciborum
266 1216 346 1260 usus
361 1191 485 1256 homini
498 1187 683 1276 (infirmo),
705 1189 765 1278 qui
778 1213 852 1258 cum
863 1199 925 1260 sud
939 1192 1123 1262 offensione
1144 1198 1219 1266 illis

98 1281 224 1367 utitur,
247 1279 405 1346 invalidis
421 1277 629 1362 argumentis
643 1275 782 1342 defense
797 1285 860 1344 est.
904 1277 993 1346 Nam
1010 1301 1139 1350 vernum
1160 1285 1216 1354 2⁰.

98 1366 210 1434 versui
227 1365 279 1432 14.
293 1363 498 1452 respondere
512 1361 702 1448 (Meyeruc,
730 1361 866 1446 Rueck.)
887 1365 1042 1454 precario
1064 1369 1219 1438 sumitur.
1308 1371 1311 1382 '

96 1448 292 1559 Respondet
315 1450 428 1540 potius
450 1471 498 1516 vs.
521 1451 575 1518 20.
599 1447 711 1514 versui
735 1449 800 1517 15..
851 1447 950 1536 Quod
973 1461 1082 1518 autem
1105 1455 1219 1524 verbis

97 1535 185 1605 ἄλλα
199 1535 300 1603 κακόκ
314 1537 383 1602 κτλ.
403 1535 566 1600 rationem
586 1532 754 1601 declarari
775 1534 979 1624 obtendunt,
1007 1539 1072 1626 qud
1092 1542 1219 1631 promi·

97 1623 178 1688 s'cuo
195 1623 339 1688 omnium
359 1621 512 1709 quamvis
531 1641 693 1710 purorum
714 1621 862 1688 ciborum
887 1645 949 1690 usu
965 1624 1034 1690 Dei
1056 1647 1141 1714 opus
1160 1627 1219 1694 de-

97 1717 269 1789 struatur,
293 1707 424 1774 infirmo
439 1727 557 1795 nempe
579 1706 729 1792 bomine,
758 1713 795 1772 ut
818 1716 1027 1796 repugnante
1049 1715 1219 1782 conscien-

97 1797 147 1862 tie
160 1793 235 1862 cibo
250 1803 425 1876 vescatur,
446 1813 544 1880 quem
568 1790 780 1858 abominetur
799 1797 847 1880 (v.
865 1793 984 1864 Ιίκεελ.
1002 1795 1044 1862 cl.
1064 1795 1219 1886 Meyero)

97 1879 254 1962 inducto,
278 1875 587 1968 reputandumest,
610 1899 639 1942 v.
660 1873 773 1944 οἷλλά
794 1875 896 1946 κακὸν
909 1880 978 1945 κτλ.
996 1881 1040 1948 ad
1053 1903 1084 1950 v.
1109 1879 1220 1950 πάντα

95 1963 336 2050 μὲνκαθαρά.
359 1986 424 2030 riou
445 1961 487 2028 ad
508 1985 598 2031 voco.
618 1960 665 2048 μὴ
685 1959 792 2028 ἕνεκεν
810 1958 993 2046 βρώματος
1012 1961 1158 2034 κατάλυε
1179 1967 1217 2036 τί
1328 1971 1330 1977 ’

98 2047 272 2136 ἔργοντοῦ
288 2054 374 2115 θεοῦ
394 2049 585 2138 pertinere,
607 2059 753 2114 ceterum
774 2071 812 2116 v:
827 2047 935 2114 ddici
955 2052 1058 2120 κακὸν
1077 2054 1165 2131 κτλ..
1187 2052 1220 2122 εἰ

97 2159 137 2202 ea
152 2137 322 2202 nobiscum
335 2157 376 2200 ex
404 2137 555 2217 noueris,
577 2156 658 2200 sane
671 2143 706 2200 et
718 2155 855 2215 peccare
869 2143 903 2222 ct
918 2133 984 2204 Dei
998 2159 1079 2224 opus
1097 2139 1219 2212 discol-

96 2245 171 2288 uere
185 2222 242 2324 qui
256 2243 329 2287 cum
343 2159 466 2304 indirmi
479 2221 660 2288 offensione
671 2221 831 2297 ,erunibus
845 2223 997 2308 quamvis
1015 2225 1113 2314 puris
1133 2216 1220 2295 cibis

3 2457 5 2468 ,
95 2307 816 2470 ⁹²⁰⁰²t⁰¹÷⁰1ft³t¹¹td³tt'titiumu,
845 2383 1230 2494 quomrum:

94 2478 219 2559 cessit,
234 2478 421 2566 oppositam
431 2499 439 2544 :
450 2479 627 2562 pruccturu
645 2477 818 2561 (honesta)
833 2477 894 2546 tobi
908 2487 975 2563 eu,
990 2478 1120 2572 inquit,
1133 2481 1218 2550 aba·

93 2565 237 2628 tinentia
251 2586 272 2628 u
288 2563 458 2648 carnibus,
479 2567 512 2628 ct
527 2565 598 2630 uiico
607 2613 617 2647 ,
638 2569 671 2628 ct
685 2567 725 2628 ed
741 2585 795 2646 re,
817 2563 851 2628 iu
865 2571 929 2652 qud
941 2565 1054 2654 frater
1067 2575 1143 2634 tuuc
1158 2565 1217 2654 σι’-

91 2645 261 2736 fenditur,
284 2655 340 2714 tud
357 2647 517 2732 laeditur,
546 2655 605 2714 uui
620 2647 789 2712 imbecillis
802 2656 863 2716 est.
917 2652 1037 2736 καλόν]
1068 2651 1144 2720 scil.
1162 2650 1220 2720 cei

93 2731 170 2799 ἐστι
182 2734 219 2820 (1
233 2733 311 2804 Gor.
327 2734 450 2815 9‚15.).
473 2781 474 2786 1
494 2731 547 2802 cf.
562 2756 595 2801 v.
611 2725 630 2800 ὁ
646 2729 797 2818 ἀδελφός
819 2754 895 2802 σου
913 2745 948 2802 et
969 2759 1001 2808 v.
1015 2740 1084 2808 2⁰..
1126 2735 1219 2804 Male

94 2819 281 2900 Lutderus,
311 2819 461 2904 Gratiam,
491 2819 621 2886 Finitus
641 2820 688 2886 ai.
710 2815 813 2884 καλόν
828 2820 1023 2904 meliusect,
1045 2821 1152 2892 nutius
1166 2829 1218 2892 est
1310 2833 1322 2896 ’.

24 2940 29 2948 -
93 2905 343 2994 explicuerunt.
363 2982 370 2987 ᾗ
388 2903 441 2969 Νε
468 2927 508 2970 uo
530 2905 616 2969 enim
639 2903 795 2989 sequitur
817 2894 838 2990 ἥ
858 2903 992 2986 (Metto.
1017 2907 1130 2992 18‚8.,
1162 2907 1220 2978 uhi

95 3015 126 3060 v.
143 2992 213 3059 n'ot.
228 3013 263 3082 p,
277 2979 356 3060 575.
369 2997 403 3054 et
460 2990 545 3058 iueri
559 3011 611 3074 gr.
625 3012 660 3078 p.
674 2989 751 3057 217.
766 2992 849 3075 sep).
891 2989 1035 3060 Frustra
1048 2991 1220 3064 uiuescer-

87 3087 165 3164 λικε,
196 3077 305 3146 Grotii
324 3075 515 3178 opinionem
535 3071 734 3142 anacolutho
753 3073 924 3157 defendit,
953 3077 1048 3180 cujus
1070 3102 1129 3168 sus
1155 3079 1221 3149 icio

94 3185 162 3228 uon
177 3163 267 3229 cadit
283 3162 316 3226 in
332 3162 615 3251 simplicissimam
629 3156 821 3227 hancPauli
832 3163 1107 3234 enuntiationem.
1165 3185 1219 3230 aui

94 3245 240 3316 Paulum
264 3249 345 3314 haec
367 3249 433 3314 scri
460 3257 590 3318 turum:
632 3244 736 3312 καλὸν
757 3245 795 3314 cd
817 3244 864 3336 μὴ
888 3251 1007 3336 φαγεῖν
1029 3251 1111 3338 κρέα
1131 3246 1220 3338 μηδὲ

94 3271 1220 3422 πιεῖκοῖκοκμνγὸὲᾶλλοὅτιοὖνμᾶλλοκῆῗκασκακόαλί-

94 3443 173 3510 ope
191 3419 262 3486 τὸν
282 3417 470 3506 ἀδελφόν
492 3442 600 3500 nou,
631 3417 708 3484 dum
731 3419 842 3485 verbis
857 3457 896 3470 —
911 3421 999 3506 μηδὲ
1018 3425 1110 3488 πιεῖν
1130 3409 1219 3488 οἶκον

92 3507 182 3590 μηδὲ
196 3504 343 3570 exaratis
360 3495 443 3574 dudo
459 3501 478 3570 ii
492 3529 526 3570 τι
541 3497 616 3582 οὖν,
647 3504 785 3592 quadiu
804 3514 913 3570 mente
935 3507 1092 3589 haberet,
1122 3527 1219 3576 acciu·
1269 3517 1270 3522 ’
1347 3565 1351 3576 .

91 3593 206 3656 ratius
226 3591 432 3658 constituere
453 3593 576 3672 veliet,
609 3589 652 3654 ab
672 3589 827 3658 inchoati
849 3597 1020 3659 structuri
1039 3593 1219 3664 deflexisse

94 3677 298 3762 (μηδὲ-ἐκ
314 3666 339 3765 ᾧ
356 3672 373 3743 ὃ
389 3674 580 3763 ἀδελφός
601 3698 676 3742 σου
698 3677 1082 3760 προςκότετεικτλ.).Ι
1105 3675 1218 3765 Quum
1301 3673 1305 3679 ’

94 3764 248 3830 infirmes
262 3763 431 3829 Romanos
445 3763 596 3828 oluscula
610 3759 812 3846 comedisse,
826 3785 845 3828 a
861 3763 1022 3831 carnibus
1035 3763 1220 3830 abstinuis-

96 3863 164 3914 se'e
180 3871 227 3924 ns.
243 3853 276 3917 2.
294 3857 473 3938 appareat,
495 3848 629 3914 eosdem
649 3849 749 3912 etiam
771 3870 793 3913 α
816 3851 887 3916 uino
908 3847 1127 3916 abhorruisse
1149 3857 1219 3916 sta·

96 3935 255 4002 tuendum
279 3945 333 4000 est
351 3940 397 4020 (v.
419 3939 549 4022 supra).
598 3932 753 4000 Ceterum
778 3931 816 4002 P.
841 3943 1008 4001 cerneret
1028 3936 1137 4002 uinum
1157 3955 1220 4024 pro

96 4023 236 4088 delicato
259 4021 333 4086 cibo
353 4028 499 4110 potuque
522 4020 800 4084 commemoravit.
853 4017 1059 4107 Perspicuus
1082 4021 1117 4088 in
1135 4019 1221 4091 hauc

96 4127 167 4172 rem
185 4109 280 4173 iocus
301 4115 355 4174 est
380 4107 495 4177 lCcc.
510 4105 604 4188 8,13.
627 4107 763 4200 Διόπερ
787 4104 818 4174 εἰ
837 4103 985 4192 βρῶμα
1005 4104 1221 4186 σκανδαλίζει

98 4205 155 4274 τὸν
168 4207 318 4294 ἀδελφόν
331 4234 415 4294 μου,
439 4205 479 4276 od
491 4206 541 4294 μή
555 4204 654 4294 φάγω
673 4196 762 4291 κρέα
780 4213 933 4292 (carnee,
964 4206 1073 4287 cibum
1091 4203 1219 4273 delicus·

99 4293 278 4382 tissimum,
301 4317 365 4362 nou
380 4297 488 4361 solum
506 4293 628 4382 βρῶμα
651 4295 789 4377 vulgare
811 4304 862 4360 et·
892 4315 933 4360 uo
957 4313 1023 4360 non
1042 4289 1222 4358 admodum*

99 4377 265 4462 delector)
279 4374 328 4460 εἷς
340 4378 399 4448 τὸν
412 4377 538 4459 αἰῶνα,
551 4376 606 4448 ἵνα
621 4377 667 4468 μὴ
682 4381 741 4446 τὸν
755 4377 905 4467 ἀδελφοκ
916 4401 983 4464 μου
996 4376 1219 4457 σκανδαλίσω.

133 4481 493 4558 καταστρώματα...
512 4483 609 4540 niu.
883 4553 885 4560 Ι
1019 4461 1052 4527 0
