2782 5018
323 459 325 467 ,
369 391 490 468 ear.
512 391 616 466 xvr.
656 335 956 489 'rana-718„
1152 395 1215 468 ιιι
1306 423 1308 428 -

104 548 204 622 navit
225 547 413 629 Christiani
426 557 505 618 sunt
517 551 658 618 homines
668 551 742 618 Deo
756 511 948 632 consecrati,
962 543 1111 636 othyccc
1126 547 1218 620 Hine

103 631 185 742 ίίρια
197 636 267 722 sint
287 659 373 724 qnae
386 635 629 741 (Juhrietianinut
642 634 828 741 quercetani
847 635 974 742 faciant
993 657 1128 742 neeesse
1152 645 1217 708 eet.
1326 707 1330 716 ,,

6 767 9 780 ·
105 745 143 792 αι
162 719 337 810 ἐκκλησίαι
357 745 417 788 τοο
433 726 472 786 Χ
492 723 604 810 ιστοσ]
634 747 671 788 αι
692 718 867 810 ἐκκλησίαι
884 741 1023 787 πασαι
1044 745 1105 789 του
1122 725 1219 810 Χρι-
1288 779 1291 788 ,

102 805 185 874 στοῦ
200 809 249 876 Α.
264 806 303 879 G.
320 809 376 878 39.
388 746 490 874 tivi)
508 808 560 877 73.
575 809 631 876 8⁰.
653 809 699 876 nl.
718 804 753 876 4.
775 816 809 874 et
830 807 931 874 Bnrh.
948 809 979 874 l.
993 805 1058 876 Mt.
1080 829 1122 877 m.
1139 807 1220 896 Syr.

100 889 189 969 Are.
205 892 305 983 ant.
321 895 423 964 Aeth.
447 895 548 964 Arm.
569 894 676 978 Vulg.
702 891 783 980 Cyn.
804 891 1009 969 Theodoret.
1029 891 1109 962 flur.
1132 897 1220 964 Am·

102 979 310 1061 hroeiester,
330 981 465 1074 Pelng„
488 977 592 1049 Beda.
634 981 838 1064 Agnoscunt
859 981 970 1046 πᾶσαι
990 979 1092 1046 etiam
1113 977 1161 1049 D.
1177 977 1220 1052 E.
1352 1015 1354 1020 ·

101 1056 142 1132 F.
160 1063 204 1134 G.
220 1061 423 1150 Boern.1t.,
446 1067 505 1156 qui
519 1065 631 1132 verbis
646 1061 857 1145 ἀσπάζονται
878 1063 966 1147 ὑμᾶς
985 1059 1023 1146 oi
1045 1056 1222 1152 ἐκκλησίαι

7 1141 12 1166 ’
104 1151 244 1236 [πᾶσαι]
272 1158 335 1218 τοῦ
364 1155 520 1240 Χριστοῦ
541 1153 591 1222 u.
621 1153 645 1219 l.
674 1149 797 1218 doletis
828 1151 891 1236 (G.
920 1147 1045 1220 Boern.
1074 1151 1221 1241 spatium
1316 1226 1319 1236 ρ

103 1257 242 1304 vanuum
266 1236 508 1328 colliquerunt)
532 1259 581 1305 vs.
602 1238 659 1305 21.
687 1242 767 1325 post
794 1231 828 1304 oi
855 1239 1112 1324 ooyyeacig'noo
1139 1237 1222 1305 haee
1284 1241 1287 1260 ‘

103 1342 138 1390 v.
167 1320 387 1391 addiderunt:
425 1325 482 1390 καί
497 1317 546 1391 ἀί
582 1319 773 1408 ἐκκλησίαι
795 1321 932 1388 πᾶσαι
964 1321 1026 1386 τοῦ
1054 1320 1223 1412 Χριστοῦ.

106 1403 250 1478 Scilicet
263 1415 546 1500 transposuerunt
561 1407 773 1491 sententiam,
796 1407 964 1496 quoniam,
983 1414 1162 1512 postquam
1181 1405 1223 1480 P.

103 1513 138 1560 r.
159 1493 296 1564 3-15.
331 1495 481 1562 homines
510 1491 636 1562 Romae
665 1493 824 1578 degentes
852 1493 962 1559 seluto
989 1493 1225 1584 impertiverit,

103 1581 156 1647 vos.
175 1581 228 1647 16.
241 1579 315 1647 loeo
340 1603 457 1672 parum
480 1586 559 1682 epto
582 1581 724 1649 salutem
744 1577 984 1670 adscripserit,
1015 1601 1114 1668 quam
1133 1580 1224 1647 chri-

63 1719 66 1724 .
90 1663 210 1744 ‘stiani
232 1676 348 1732 coetus
369 1665 531 1736 Romame
552 1663 716 1732 dicerent.
763 1663 968 1734 Rectissime
991 1660 1029 1731 αί
1049 1661 1224 1750 ἐκκλησίαι
1259 1723 1261 1732 .

18 1791 23 1821 -,
90 1749 240 1832 στᾶσαι
259 1753 321 1822 τοῦ
336 1753 491 1840 Χριστοῦ
507 1749 618 1820 Metto
630 1749 722 1820 Prol.
737 1752 767 1853 ᾖ.
782 1752 858 1820 680.
870 1752 1047 1840 probatum
1069 1773 1088 1816 a
1105 1751 1223 1820 Grion-

7 1866 18 1904 ,·
105 1833 240 1926 buchio,
263 1835 437 1928 Καορρίο,
459 1835 674 1906 Ιιοολαιοακο
691 1837 835 1924 aliosque
856 1844 1023 1926 receptum
1045 1841 1109 1906 est.
1153 1834 1225 1903 De-

104 1921 382 1996 levernutnoiooc
396 1930 622 2012 correctores,
651 1922 711 2011 qui
731 1945 799 1990 non
818 1922 1084 2004 intellexissent,
1114 1924 1172 2012 qui
1183 1926 1225 1995 P.

57 2037 60 2050 ,
106 2004 197 2072 inter
220 2007 415 2074 Corinthios
444 2031 583 2085 versans
606 2011 776 2080 Romanos
803 2011 944 2076 omnium
966 2009 1225 2085 christianornm

106 2099 261 2177 coetuum
274 2095 385 2162 salute
400 2095 443 2158 im
470 2094 574 2164 'entire
595 2095 743 2184 potuerit
765 2094 822 2176 (of.
837 2091 933 2181 Οκίρ.
949 2093 1047 2162 αιλλι.
1066 2096 1123 2183 h),
1163 2095 1227 2176 Se-

108 2177 256 2248 latomus
270 2117 483 2270 inopistolm
503 2181 627 2248 amicos
644 2181 865 2272 communium
888 2180 1068 2246 amicorum
1094 2181 1242 2266 nomine
1288 2209 1310 2218 ’-

107 2262 182 2329 sine
200 2262 268 2331 ullo
284 2287 398 2332 eorum
413 2265 586 2352 mandato,
611 2289 695 2354 quos
710 2289 752 2342 an
770 2266 876 2332 velint
893 2287 985 2332 snam
1005 2268 1146 2334 salutem
1167 2265 1227 2332 ad·
1280 2278 1282 2286 ’

105 2349 216 2424 scribi
226 2351 455 2436 interrogatos
471 2354 613 2418 salutern
628 2375 720 2416 suam
734 2350 1139 2442 nosapponerejusenros
1150 2373 1226 2420 esse

23 2465 31 2472 -
105 2433 199 2502 corto
216 2431 352 2509 scimus.
396 2435 453 2502 Sic
468 2437 508 2502 P.
523 2459 622 2526 quum
637 2437 781 2502 omnium
804 2446 1057 2522 coetuumerga
1078 2437 1227 2510 celebra·

107 2525 178 2589 taur
195 2515 417 2602 Romanorum
434 2522 608 2588 eeclesiam
622 2523 767 2588 studium
782 2523 993 2606 cognovisset
1001 2543 1071 2588 eam
1082 2515 1227 2599 omnium

107 2605 241 2672 nomine
256 2607 428 2673 salutavit.
472 2605 637 2674 Perverse
653 2605 758 2693 igitur
774 2607 859 2672 haud
874 2609 974 2696 pauci
994 2631 1025 2676 v.
1047 2604 1083 2674 αί
1103 2607 1228 2695 ἔκκλη-

107 2687 182 2760 σίαι
203 2691 338 2759 πᾶσαι
356 2691 420 2757 τοῦ
443 2695 598 2778 Χριστοῦ
620 2695 823 2761 arctioribus
844 2693 968 2760 linibus
994 2695 1228 2762 terminarunt.

109 2774 211 2866 Grot,
228 2777 391 2857 eeclesiae¹
406 2773 550 2880 Christi]
573 2803 657 2868 quae
677 2790 755 2851 sunt
775 2775 978 2845 in'Graecih.
1022 2779 1154 2866 Βοαρσί.
1175 2800 1244 2858 ιο-Ι

108 2861 251 2964 elesiae]
267 2903 268 2908 κ
282 2858 479 2950 quibuscum
494 2866 565 2931 1[ιιι.
617 2865 769 2934 Olabous.
792 2886 906 2930 omnes
924 2864 1100 2952 ecclesiae]
1124 2865 1229 2946 eccle·
1285 2895 1312 2940 χ

6 2953 7 2956 ’
109 2948 163 3014 αλιι
182 2947 387 3026 eorsnthiaoa
403 2957 436 3014 et
452 2972 537 3038 quae
555 2951 588 3015 in
605 2947 763 3021 Corinthi
774 2949 896 3014 vicinis
911 2956 999 3014 sunt.
1050 2955 1052 2962 ’

200 3030 245 3101 V.
265 3033 438 3106 17.ec18.
484 3035 695 3124 Antequam
711 3033 752 3106 P.
777 3035 957 3124 epistolam
978 3055 1072 3100 suam
1093 3036 1229 3102 conclu·
1290 3037 1301 3064 ³

6 3181 8 3192 ,
109 3117 347 3193 ‹litRomenos
365 3121 536 3202 hortatur,
566 3133 635 3187 cta
659 3121 756 3188 malis
777 3115 971 3190 doctoribus
992 3119 1160 3192 declinent
1180 3143 1228 3188 rc.
1299 3179 1300 3182 ,

63 3248 69 3256 „
111 3203 167 3278 17.
183 3213 216 3270 et
230 3207 296 3275 18..
339 3204 436 3274 Dicit
452 3205 538 3274 houd
553 3207 653 3276 dubie
666 3205 821 3293 judaicos
836 3207 1034 3292 magistros,
1056 3207 1115 3309 qui
1132 3204 1232 3290 Pauli
1336 3227 1337 3234 ¹

110 3291 347 3372 anctoritatem
362 3293 552 3374 elevarunt,
569 3303 722 3368 coetuum
738 3313 778 3366 en
793 3291 932 3370 Jrndaeis
948 3300 982 3358 et
994 3313 1134 3382 paganas
1148 3295 1231 3360 mix·
1339 3357 1342 3366 ,

110 3381 250 3472 torum,
264 3401 364 3466 quum
378 3376 585 3447 Christianis
602 3378 708 3444 Mosis
722 3379 828 3462 legem
851 3379 1027 3462 relligione
1051 3379 1233 3454 obseruan-¹
1325 3438 1341 3447 ..

18 3464 20 3468 ’
109 3459 187 3546 dem
199 3486 276 3530 esse
293 3463 462 3546 docerent,
479 3464 1232 3545 concordiamscideruntetdootrinamchrist.

100 3550 271 3656 ‘quaestui
289 3567 489 3634 hahuerunt.
532 3567 622 3634 Nam
638 3567 747 3656 primo
764 3566 803 3636 P.
817 3591 876 3638 eos
890 3577 986 3638 tonat
1002 3567 1082 3646 τούς
1094 3553 1161 3639 τὰς
1176 3571 1233 3636 ιλι-

109 3669 297 3750 χοσταοίας
311 3655 426 3735 καὶτὰ
443 3669 615 3736 soucheto
630 3672 814 3748 ποιοῦντας
823 3679 975 3738 notorum
985 3671 1233 3738 dissensionum

114 3762 152 3820 et
177 3755 395 3821 offensionum
418 3756 468 3840 (in
485 3757 639 3822 coetibus
660 3756 873 3842 christianis)
886 3757 1056 3838 'auctores
1105 3757 1232 3824 Notum
1359 3801 1364 3817 .

117 3847 292 3906 σολοικίσαι
304 3841 459 3931 judaicos
480 3844 663 3925 magistros
684 3843 717 3906 in
739 3845 894 3926 galntlois
915 3844 1061 3946 aliisque
1082 3843 1233 3908 coetibus
1366 3847 1370 3856 '

54 3955 57 3961 ·
116 3943 157 3990 eo
175 3937 210 3991 et
224 3929 341 3991 turbas
354 3929 518 3992 excitasse
532 3937 566 3994 et
588 3930 767 3993 multorum
790 3930 956 3994 hominnm
979 3949 1108 3994 ammos
1130 3927 1233 3993 olien-

116 4011 229 4103 disse,
260 4014 347 4100 qnod
366 4014 716 4102 Christianos'servili
735 4017 821 4098 legis
841 4015 1005 4080 mosaicae
1019 4013 1105 4104 jugo
1128 4016 1234 4108 suhji-
1337 4028 1375 4092 ’,

117 4119 194 4164 eece
210 4100 321 4164 conati
334 4109 413 4164 snnt
425 4099 518 4184 (Gal.
532 4101 564 4180 5,
575 4103 606 4168 1.
624 4098 714 4168 Phil.
729 4101 801 4184 3,2.
814 4109 891 4188 eqo).
939 4100 1069 4166 Deinde
1083 4101 1177 4166 rixas
1200 4112 1235 4166 et
1365 4145 1372 4172 ι

119 4181 324 4250 offensiones
341 4187 383 4249 nh
398 4186 649 4295 illietexoitatas
667 4207 740 4284 oum
761 4185 913 4294 doctrinata
925 4185 1086 4294 ¹i⁰¹¹¹f¹¹i⁵
1107 4187 1234 4290 traditis
1272 4241 1275 4252 ,

119 4272 357 4424 httht‘tll·
372 4267 1235 4446 ltili('ttulitltihht'ltht‘tlhih
1307 4353 1319 4358 ·
