2776 5018
202 437 205 442 ·
345 393 615 490 eluxit.
660 415 906 491 rareto..
995 398 999 407 '
1131 399 1237 508 mss

85 557 104 642 d
120 549 191 640 κᾶτ’
204 569 324 662 ἀρετὴν
334 572 427 658 βίος.
449 555 525 660 loge
541 589 626 662 quae
639 571 882 662 praecedunt).
918 519 1113 641 'Audenter
1129 549 1196 646 ¹lrrfi¹

84 681 139 750 ep.
153 665 186 741 1,
207 661 262 730 37.
283 661 342 730 lin.
364 673 399 726 et
421 659 562 729 Terent.
583 659 670 727 Eun.
690 654 842 742 3,2‚2''7.,
868 657 956 748 'quae
978 660 1051 726 loca
1070 665 1104 742 l,
1179 709 1191 732 .

82 747 198 814 attuli.
223 789 226 798 Δ
243 745 449 834 Saepissime
463 739 653 812 sihivivero
667 766 704 810 se
718 754 844 812 tantum
857 745 1060 827 intuentem,
1081 748 1195 814 omnia

81 831 127 895 ad
149 851 230 896 suas
253 832 420 898 utilitates
447 837 712 910 convertentem,
745 840 887 898 aetatem
916 852 1017 916 agere
1042 830 1190 901 cancor.

82 915 174 983 Tum
196 923 231 982 et
252 917 374 999 otium,
401 915 490 1004 quod
508 915 575 982 tihi
595 916 629 982 in
652 914 783 982 deliciis
804 917 867 998 sit,
897 935 1135 1004 munerumque
1156 924 1192 984 et

81 1002 312 1068 molestiarum
330 1023 428 1090 quam
442 1007 581 1092 expetas
594 1001 725 1068 vacatio
742 1001 886 1090 spectari
899 1007 1027 1091 potest,
1048 1009 1119 1068 tum
1134 1021 1192 1068 ex·

80 1096 198 1176 optata
220 1088 379 1175 libertam
407 1088 441 1152 iu
465 1089 531 1174 qud
550 1088 752 1153 constitutos
770 1085 902 1154 vivendi
923 1087 1017 1172 leges
1035 1086 1098 1153 tibi
1115 1086 1192 1175 ipse

81 1181 227 1242 statuas.
269 1171 360 1239 lllud
373 1172 432 1240 ubi
447 1181 501 1239 est
514 1173 581 1240 sibi
600 1174 711 1240 vivere
732 1173 799 1238 sihi
816 1173 1088 1263 prospicientem,
1116 1173 1192 1240 nul-

79 1259 129 1324 lis
145 1258 512 1344 negotiisdistrictum‚
539 1257 630 1325 curis
653 1277 810 1339 vacuum,
838 1259 937 1344 genio
961 1258 1191 1342 indulgentem

79 1344 193 1410 vivero
205 1343 372 1430 designat.
417 1343 547 1432 [Eurip.
561 1341 623 1411 lon
641 1365 673 1412 v.
685 1345 760 1410 6611.
775 1344 888 1410 Herm.
903 1345 963 1430 (cl.
974 1342 1006 1426 1,
1017 1343 1112 1432 394.)
1128 1341 1192 1410 Se·

78 1449 163 1496 neca
177 1430 218 1495 da
233 1430 396 1497 brevitate
410 1431 498 1496 ritae
509 1451 540 1499 o.
554 1428 601 1499 ⁵..
644 1427 763 1506 Omnis
781 1427 854 1520 ejus
877 1428 1060 1514 (Augusti)
1079 1449 1191 1496 sermo

78 1514 123 1580 ad
139 1516 200 1582 hoc
215 1537 346 1603 semper
359 1517 531 1581 revolutus
545 1522 614 1597 ost,
642 1521 682 1580 ut
698 1513 764 1580 sihi
783 1524 937 1602 speraret
956 1515 1072 1582 otium.
1115 1514 1192 1582 Hoc

77 1600 215 1666 labores
229 1623 329 1684 suos,
350 1601 484 1666 etiamsi
497 1601 605 1682 falso,
620 1599 710 1666 dulci
727 1609 836 1666 tamen
853 1601 1042 1666 oblectabat
1056 1600 1192 1682 solatio,

4 1725 5 1728 =
77 1684 260 1773 aliquando
278 1687 495 1771 revicturum
517 1687 596 1754 sibi.
640 1686 781 1754 Terent.
795 1685 942 1774 Adelph.
955 1687 1083 1766 5,4,9..
1124 1683 1192 1752 Illo

76 1771 217 1866 (irater)
230 1793 323 1838 suam
338 1793 470 1860 semper
486 1771 557 1856 egit
569 1772 668 1837 vitam
685 1772 818 1850 lontio,
848 1771 883 1837 in
896 1771 1072 1840 conviviis:
1091 1773 1097 1858 Ι
1115 1769 1193 1838 Gle-

3 1857 5 1864 ’
76 1875 196 1939 ruens,
215 1857 491 1944 placidus,„uulli
505 1856 640 1922 laedere
655 1879 712 1939 os,
734 1855 884 1924 arridere
904 1857 1074 1925 omnibus.
1091 1859 1097 1942 Ι
1117 1854 1193 1922 Sibi

74 1942 1194 2112 tillsllll:s„tt”¹1¹¹t¹²gt⁰llt¹¹tgtlttml¹¹¹fttlttlttt

310 2075 320 2108 s
463 2074 472 2097 ·
564 2077 568 2084 ·
854 2065 895 2080 “““
910 2065 954 2078 “·““

74 2122 230 2182 uxerem.
275 2111 384 2198 Quam
407 2112 456 2199 ibi
478 2111 647 2178 miseriam
670 2112 756 2181 vidi!
791 2112 862 2178 nati
883 2113 966 2182 filii:
984 2115 989 2191 Ι
1009 2111 1077 2178 alia
1099 2132 1209 2180 cura-1

74 2195 208 2262 Seneca
222 2219 276 2286 ep.
290 2197 345 2266 48.
361 2198 461 2263 alteri
481 2199 523 2281 (i.
537 2219 568 2266 e.
588 2199 731 2264 alterius
753 2198 958 2264 utilitatibus
979 2196 1189 2282 deserviens)

72 2282 173 2370 viras
186 2289 337 2370 oportet,
360 2283 390 2348 si
406 2283 456 2348 vis
470 2283 535 2349 tihi
547 2284 659 2348 vivere
673 2285 723 2368 (lr.
739 2306 769 2350 e.
786 2284 886 2348 vitam
901 2281 944 2349 ad
964 2303 1077 2349 verum
1098 2289 1193 2351 tuum

71 2367 282 2433 commodum
301 2368 455 2452 relerro).
506 2365 681 2433 Plutarchi
701 2369 895 2436 Cleomenes
917 2389 949 2437 v.
968 2367 1024 2436 31.
1046 2371 1094 2456 (p.
1113 2367 1191 2438 819.
1315 2417 1322 2436 .
1371 2401 1384 2422 r

72 2451 131 2536 F.)
143 2489 187 2501 -
198 2453 263 2518 Act
275 2452 341 2558 pdp
354 2451 412 2518 τὸν
427 2449 632 2536 αὐθαίρετον
644 2453 792 2519 θάνατον
806 2449 848 2518 ori
863 2451 972 2540 φυγὴν
990 2445 1076 2520 ciacc
1097 2447 1192 2537 πρά-

72 2535 178 2615 ξεων,
200 2535 432 2646 ἀλλαπρᾶξιν.
473 2533 999 2624 Αἰσχρόνγὰρζῆνμόνοις
1019 2533 1192 2616 ἑαυτοῖς

73 2625 148 2688 καὶ
168 2620 470 2710 ἀποθνήσκειν.
493 2623 542 2708 (1.
557 2644 588 2690 e.
602 2633 702 2711 torpe
721 2633 775 2689 est
793 2623 1001 2690 enim—vitam
1015 2645 1083 2690 nos
1106 2644 1193 2690 uon·

72 2707 145 2772 risi
166 2707 208 2774 ad
229 2715 362 2774 nostras
385 2707 550 2773 utilitates
572 2711 700 2774 referre
723 2717 757 2777 et
779 2717 919 2774 mortem
941 2709 1037 2775 uobis
1061 2707 1191 2776 consei-

71 2813 192 2876 ecere‚
216 2801 253 2860 nt
267 2792 472 2860 incommoda
488 2792 799 2880 subterfugiamus).
841 2791 909 2860 Hic
921 2794 1015 2868 locus
1036 2815 1111 2859 cum
1131 2814 1191 2858 no-

72 2885 150 2944 stro
171 2879 285 2968 perbis
306 2879 549 2967 quadamtenus
575 2881 747 2960 convenit,
783 2879 955 2944 sententia
980 2877 1191 2968 discrepat}

71 2961 153 3028 Hoc
167 2963 224 3030 nbi
239 2965 370 3030 obtinet
385 2965 452 3031 sibi
465 2965 576 3031 vivore
589 2985 647 3030 ruo
662 2965 802 3032 arbitrio
814 2970 873 3030 sut
887 2962 938 3030 ita
953 2965 1057 3030 virere
1075 2971 1123 3030 utx
1136 2963 1191 3028 oi·

70 3049 173 3114 vendi
187 3047 217 3114 le
238 3071 271 3115 ss
285 3050 346 3118 stoi
358 3052 427 3135 ipsc
439 3050 564 3116 scribtus
577 3055 611 3114 et
624 3049 848 3115 alterisisere
863 3049 981 3131 attat,
996 3049 1052 3135 qni
1065 3047 1192 3113 vivendi

72 3133 166 3218 iopes
180 3071 241 3200 tiit
253 3135 425 3223 imponat,
452 3133 630 3202 atrociam
644 3135 754 3202 vivere
775 3133 940 3220 designat.
980 3130 1086 3220 Apud
1105 3131 1192 3198 Din-
1261 3141 1262 3146 ’

72 3219 214 3303 nysium
231 3217 453 3302 Halic.3,17.
483 3217 650 3286 Horatius
666 3233 766 3308 pater
778 3219 844 3307 piis
865 3219 967 3300 liliis,
995 3219 1054 3306 qui
1074 3235 1192 3306 super·

71 3303 160 3368 stite
180 3313 276 3391 patre
294 3326 333 3370 so
353 3305 407 3370 sni
422 3305 521 3394 juris
531 3327 596 3371 uon
618 3327 693 3370 esse
714 3316 803 3371 recte
821 3303 978 3384 arbitrati
999 3313 1128 3392 patrem
1148 3303 1191 3369 de

70 3389 225 3462 ineundo
245 3391 429 3456 certamine
442 3392 699 3472 consuluerunt,
738 3388 937 3456 haecdicit:
965 3384 1038 3454 ἀλλ’
1057 3384 1192 3470 εὐσεβὲς

70 3475 291 3560 paauperes
305 3477 453 3554 ποιεῖτε,
476 3467 654 3553 ὦπαῖὸες,
684 3474 732 3562 cpi
753 3477 859 3561 πατρὶ
882 3472 999 3554 ζῶντες
1019 3476 1075 3539 καὶ
1093 3469 1191 3540 otidis

70 3557 158 3624 ἄνευ
172 3559 233 3644 τῆς
254 3557 339 3644 ἐμῆς
355 3553 486 3646 γνώμης
506 3557 804 3646 διαπραττόμενοι.
844 3559 918 3626 Liv.
935 3558 972 3640 Ι3,
988 3561 1043 3627 61.
1064 3557 1191 3627 Consul

70 3645 245 3712 exalterat
267 3649 365 3733 porte
380 3643 549 3712 Romanos
569 3645 760 3723 meminisse
778 3645 934 3736 jubebat,
963 3643 1025 3708 illo
1046 3643 1103 3707 die
1120 3643 1191 3730 prs

71 3749 168 3794 muru
199 3729 315 3796 liberor
342 3751 415 3819 pro¹
432 3730 553 3799 liberas
568 3731 651 3798 urbe
672 3731 822 3798 Romond
848 3748 1026 3818 pugnare..
1050 3727 1211 3817 Stoma,

70 3814 158 3900 ipsis
172 3815 329 3901 Marsus,
350 3837 415 3880 non
430 3823 474 3881 nt:
484 3815 911 3890 decemvirorumrictorss
929 3812 1125 3901 praemium.
1136 3831 1191 3876 eo·

72 3901 167 3968 sent.
218 3905 258 3966 ln
273 3896 361 3965 dunc
383 3899 522 3970 modam
535 3904 652 3968 noster
674 3903 768 3980 mous
787 3897 968 3988 capiendus
987 3905 1052 3967 est.
1101 3894 1209 3990 Nam.

70 3985 207 4050 Paulus
231 3991 271 4050 ut
293 3985 512 4072 homimem.
532 3988 566 4055 6.
581 3994 788 4060 memoratos
802 3986 929 4061 urrisu
943 3981 1133 4070 'reverentia
1156 3986 1192 4046 et

70 4071 192 4136 tacere
206 4090 292 4157 quae
306 4071 453 4138 lacerent
466 4078 501 4138 et
512 4073 667 4138 ¹omittere
683 4072 972 4162 qsae'ornittsrent
984 4068 1191 4135 demonstro·

3 4223 4 4230 χ
70 4163 150 4240 ret,
173 4176 267 4220 nemo
281 4153 451 4240 restrium,
472 4157 601 4246 inquit,-
624 4155 1021 4226 sihi‘riritetnemosibi
1038 4154 1190 4244 moritur,

72 4240 113 4308 ls.
129 4262 160 4306 e.
177 4247 272 4307 nem'o
286 4238 436 4309 nostrum
451 4243 744 4332 tam'impiusest,
775 4253 814 4310 ut
833 4246 946 4308 vivens
964 4249 1025 4304 aut
1044 4240 1190 4304 moriens

72 4323 234 4414 suijuris
255 4348 291 4392 se
310 4350 387 4394 esse
406 4328 595 4415 arbitretur.
646 4327 775 4418 Nempe
792 4331 825 4396 si
844 4331 879 4393 A
906 4326 1036 4393 ostolns
1056 4325 1189 4412 aliquos
1302 4339 1305 4346 ’

71 4418 151 4476 turn
167 4411 309 4478 inveniri
328 4420 500 4501 putasset,
529 4414 674 4502 quissibi
691 4416 753 4500 (lno
767 4437 798 4498 e.
817 4413 862 4480 sd
882 4349 904 4480 i

134 4511 279 4568 stotzrclrr
293 4512 341 4586 Ep.
353 4515 387 4572 sd
402 4513 485 4571 Rom.
504 4514 536 4571 P.
550 4515 599 4574 111.
860 4498 896 4566 Μ

896 4433 993 4498 eges,
1020 4407 1199 4504 quaesibi
1286 4440 1290 4445 ·
