2860 5016
453 335 571 408 cnr.
594 335 681 410 xri.
726 338 797 410 vs.
822 341 854 408 ι.
874 339 922 408 υ..
1218 335 1242 436 o

142 475 334 562 Koelloerrsn
348 507 420 553 enni
434 487 571 554 Eroemo
584 486 625 552 od
638 482 787 589 ,αιίμαυα
805 479 898 572 ὑμῶν
916 488 961 556 od
968 493 1105 594 peneqtn
1115 486 1241 596 prpnlia

143 598 213 644 nem
235 575 333 642 vostri
359 581 488 658 portem
509 585 674 675 exposuit.
725 573 798 640 Hoo
822 585 917 664 paeto
941 597 1002 662 αρν
1022 595 1130 658 σαρκα
1149 575 1242 657 opor

144 661 283 730 Paolum
299 659 445 725 seribere
461 671 651 750 oportuisse
666 657 748 725 sidit
763 659 977 747 Rueedertus3
999 659 1084 726 illud
1104 661 1157 724 vel
1176 681 1242 726 nou
1357 738 1359 746 Ι

144 747 245 828 vidit,
265 747 319 811 vel
337 746 455 810 sellem
473 744 652 826 non'dixit‚
672 742 811 811 Paulum
829 744 935 832 utoip
951 738 1057 830 σάρκα
1073 744 1148 811 Deo
1163 767 1242 812 ean-

143 840 231 898 elom
259 831 423 897 victimam
453 830 613 895 sisterent
634 831 798 898 Romanos
826 831 955 898 hortari
976 831 1074 919 plane
1096 853 1160 897 non
1182 853 1242 918 po·

144 917 263 989 tuisse.
307 915 369 983 Est
385 915 471 980 enirn
489 912 509 1002 ἡ
524 912 609 1003 σάρξ
625 923 740 989 natura
760 919 822 983 sud
841 915 1063 982 deterioribus
1085 916 1244 982 inclinatu

143 1000 355 1086 (nemea.
378 1001 507 1083 Gall,
525 1003 594 1086 17.)
616 1023 721 1089 neque
742 1004 847 1088 magis
870 1011 983 1068 saneta
1004 1000 1099 1068 reddi
1121 1009 1243 1092 potest,
1320 1009 1323 1024 '

144 1085 1244 1260 tlt'ld‘dtzdlttllittlttttdldnlt'a*llll}

54 1315 57 1321 A
143 1279 238 1324 saera
253 1266 480 1339 secesserunt,
502 1279 566 1323 non
581 1261 614 1321 in
639 1281 677 1324 so
699 1260 861 1326 ineassum
882 1259 1095 1340 laborarunt,
1124 1268 1161 1324 ut
1183 1257 1244 1347 τὴν

142 1345 307 1430 σάρκα-οι
321 1344 441 1431 ομοιιίι
456 1353 600 1409 sanctam
613 1345 775 1427 iacerent,
802 1346 860 1411 sed
882 1367 953 1410 eam
975 1365 1047 1412 num
1069 1344 1243 1410 affectibus

142 1439 177 1494 et
198 1427 394 1494 libidinibus
417 1429 450 1494 in
467 1451 594 1494 orunens
615 1427 753 1514 egerunt
773 1431 806 1497 h.
821 1453 852 1498 e.
865 1432 1008 1496 oninium
1023 1432 1242 1518 cupiditatum

141 1513 540 1580 ardorem-restinxerunt
557 1517 737 1604 pravisque
756 1514 877 1582 studiis
897 1516 1124 1589 valedixerunt
1147 1516 1243 1601 (Gal.

141 1601 176 1680 6,
190 1599 247 1664 24.
269 1599 366 1667 Rom.
381 1602 413 1681 6,
426 1601 488 1688 6.).
529 1599 628 1667 Nune
640 1602 768 1688 qualem
782 1602 924 1666 hostiurn
939 1622 1076 1690 eorpora
1092 1623 1152 1668 sua
1165 1602 1243 1668 Deo

143 1685 265 1748 sistere
279 1685 446 1757 llonranos
460 1686 593 1768 densat,
615 1688 687 1774 Ap.
702 1687 755 1752 his
768 1687 938 1753 vocabulis
953 1687 1101 1754 declarat
1118 1685 1244 1753 θυσίαν

20 1818 25 1835 .
144 1768 273 1850 ζῶσαν,
301 1764 417 1870 pipios,
447 1768 626 1856 εὐάρεστον
643 1773 691 1858 τῷ
710 1772 794 1857 θεῷ.
852 1769 979 1836 θυσίαν
1002 1773 1146 1857 ζῶσαν]
1176 1773 1241 1838 do·

142 1857 244 1920 stium
273 1875 420 1935 vivam,
454 1865 679 1923 actuosam.
737 1855 856 1925 Iudaei
877 1864 912 1922 et
930 1858 1072 1941 gentiles
1092 1857 1244 1924 victimas

142 1940 215 2002 aris
230 1939 443 2004 admoverunt
456 1948 493 2004 ut
505 1941 768 2022 trucidarentur3
788 1943 937 2008 homines
952 1942 1154 2008 christianos
1169 1963 1245 2008 eor-

140 2045 226 2114 pora
242 2046 301 2088 soe
317 2025 482 2090 victimam
499 2026 572 2092 Deo
590 2028 711 2102 sistere
731 2037 881 2117 oportet,
902 2049 984 2113 ρυασ
1002 2028 1106 2107 spiret
1127 2035 1159 2094 et
1177 2027 1245 2094 oii-

141 2109 222 2196 qeid
234 2109 397 2178 moliatur.
442 2110 559 2200 Neque
572 2103 658 2176 enirn
674 2115 792 2178 inertia
809 2112 883 2179 Deo
899 2122 994 2195 grata
1014 2119 1084 2194 est,
1112 2111 1171 2178 sed
1191 2114 1243 2177 le·

20 2279 22 2284 Ι
140 2195 274 2294 norum·
285 2195 482 2282 perfunctio.
537 2195 646 2284 Caput
670 2200 830 2286 perieulis
856 2196 1075 2287 objiciendum
1103 2208 1154 2264 eet
1180 2219 1243 2286 pro

141 2277 275 2345 Christi
295 2283 394 2348 causi
415 2281 503 2346 susoi
529 2283 635 2347 iendis
650 2301 835 2436 'manuepue
865 2284 997 2350 miseris
1019 2285 1244 2371 ¹porrigendae
1349 2334 1352 2341 .

11 2425 14 2438 ,
141 2374 237 2434 sunt.
271 2362 466 2454 Perpernam
517 2367 699 2451 tenderet,
729 2370 775 2438 Sc
799 2369 839 2436 ol.
857 2369 985 2436 Mattio.
1008 2371 1053 2438 al.
1076 2371 1255 2436 victimam¹

21 2511 22 2520 ,
143 2453 216 2515 vtro
239 2471 321 2535 quoe
338 2453 481 2536 percotis
494 2461 696 2522 consecretur
708 2455 915 2539 destitutam,
937 2455 1078 2539 Caluia,
1098 2455 1242 2542 Bennoi,
1288 2526 1290 2535 ,

143 2534 322 2636 θαυμασμ,
353 2535 424 2602 oar.
441 2537 494 2603 Fr.
507 2539 665 2626 δαίμοσί,
695 2539 823 2641 Iteielt.2
855 2539 1010 2623 Meyorns
1032 2541 1077 2607 al.
1103 2539 1243 2642 leontium

141 2621 233 2686 Deo
254 2628 408 2686 eruentem
422 2621 470 2708 (6,
486 2626 556 2705 11.)
577 2645 606 2692 s.
626 2645 766 2690 nouom
786 2633 887 2692 υιίαυν
901 2634 1047 2711 tepentem
1060 2627 1107 2711 (6,
1122 2627 1174 2708 4.)
1189 2648 1243 2692 rn-

140 2707 322 2792 terpretati
343 2717 449 2774 sunt:
490 2705 568 2774 Nou
589 2709 778 2794 cogitarunt
800 2709 908 2792 ζῶσαν
926 2710 998 2776 sine
1021 2711 1090 2776 ullo
1112 2712 1241 2779 addita-

14 2826 19 2846 .
140 2800 255 2860 mento
271 2791 355 2855 nihil
369 2791 552 2858 nisieivom
566 2795 754 2879 significare
779 2803 826 2882 (v.
840 2794 916 2864 loli.
929 2799 961 2875 6,
977 2795 1050 2876 51,
1072 2797 1130 2860 ubi
1141 2795 1242 2865 lesus

12 3877 15 3890 ‚
142 3831 253 3898 neque
276 3813 420 3896 peccatis
443 3835 478 3878 se
500 3817 699 3880 contaminet
719 3828 752 3883 et
770 3819 906 3884 horrente
921 3819 1006 3881 laeta
1020 3821 1108 3884 edat.

141 2897 179 2939 se
203 2871 385 2960 τὸνᾶρων
405 2874 477 2941 τὸν
500 2875 627 2956 ζῶντα
655 2890 749 2945 ναυσί
770 2903 807 2946 se
828 2881 991 2982 ejusmodi
1012 2901 1130 2946 manna
1154 2904 1242 2965 esee,

141 2959 233 3046 quod
254 2962 355 3025 vitam
374 2962 576 3048 profundere
595 2973 630 3027 et
651 2966 737 3030 mori
761 2975 871 3052 possit
897 2964 1122 3032 indicaturos:
1157 2967 1242 3032 udde

141 3049 164 3112 1
179 3043 274 3113 Pete.
289 3047 322 3126 2,
333 3047 368 3114 4.
382 3045 415 3112 5.
431 3056 464 3110 et
479 3045 570 3114 Plot.
588 3048 679 3117 Erot.
695 3072 725 3117 e.
740 3053 793 3120 16.
814 3089 855 3100 -
869 3045 906 3114 αἱ
927 3049 964 3114 dd
985 3050 1050 3112 τῶν
1070 3048 1243 3135 ἐρωμένων

141 3123 346 3206 σίκόνιςὺσ’
362 3125 466 3216 αὐτῆς
483 3121 554 3197 οἷον
574 3129 608 3197 ἒν
628 3131 812 3220 ἐγκαύμασι
830 3131 1040 3221 γραφόμεναι
1059 3135 1118 3200 ded
1136 3137 1246 3220 πυρὸς

138 3211 269 3280 ἐἴδωλα
282 3218 356 3292 ταῖς
367 3215 513 3300 μνήμαις
527 3217 791 3287 ἐναπολείπουσι
803 3213 1030 3301 κινούμενα
1053 3224 1121 3286 καί
1145 3219 1164 3302 ζ
1171 3226 1243 3287 ὦν-

139 3321 191 3365 υα
226 3301 297 3366 καὶ
324 3304 593 3387 φθεγγόμενα
622 3307 678 3369 καί
697 3305 933 3388 παραμένοντα
958 3302 1018 3372 τὸν
1036 3305 1139 3372 ἄλλον
1158 3306 1244 3393 γρό-

141 3393 245 3468 νον.),
272 3385 409 3464 Paulum
424 3385 549 3452 dereiner
570 3391 658 3475 6εῷ
677 3413 705 3456 s.
719 3391 891 3478 Χριστῷ
912 3413 942 3458 s.
964 3390 1112 3478 καινὴν
1135 3391 1244 3482 ζωὴν

143 3470 257 3550 ζῶσαν
269 3493 310 3535 ne
329 3473 439 3537 disere
459 3473 590 3559 quidem
606 3476 776 3561 potuisse,
796 3477 948 3563 quoniam
962 3498 1068 3563 mens,
1089 3498 1152 3541 non
1168 3501 1244 3546 eor-

141 3578 207 3644 pus
223 3557 294 3621 Deo
309 3577 338 3624 s.
355 3557 480 3624 Christo
496 3581 525 3625 s.
539 3559 658 3640 pietati
668 3563 768 3625 vitam
783 3572 953 3627 consecrat
969 3557 1047 3650 (ζῇ)
1063 3571 1097 3626 et
1110 3571 1243 3630 senten-

141 3643 225 3707 tiarn
242 3661 338 3743 quprn
354 3641 387 3709 h.
400 3643 425 3708 1.
441 3645 686 3730 requisiverunt
700 3649 847 3734 proximo
861 3643 1019 3714 vocabulo
1038 3639 1172 3733 (ἆγίαν)
1192 3648 1244 3715 iri'-
1338 3719 1343 3725 ,
1361 3665 1368 3682 “

141 3747 232 3793 esse.
276 3723 387 3816 αγίαν]
409 3739 575 3814 sanctam,
596 3732 619 3804 i,
636 3753 666 3798 e.
686 3733 901 3816 itinerantem,
924 3737 1134 3818 ergotalenn,
1152 3757 1259 3884 (spuere

141 3897 288 3968 Romani
301 3895 460 3963 Percotes
477 3900 619 3964 ministri
633 3901 763 3966 luerent
776 3911 809 3966 et
830 3904 974 3992 membra
996 3925 1055 3968 sua
1078 3824 1244 3992 lmprdlii}

143 3983 210 4045 teti
228 3984 430 4070 emancipata
457 3985 517 4050 hoe
537 3985 653 4050 eil'eet'u
676 3989 910 4068 exhibuerant,
937 3987 1140 4078 utimprolre
1157 3993 1245 4060 faeta

142 4067 267 4132 fierent
288 4070 336 4152 (6,
353 4072 405 4136 17.
422 4072 510 4157 19.),
541 4068 630 4135 'nune
653 4070 860 4140 Christianos
884 4076 991 4138 factos
1018 4095 1156 4161 corpora
1184 4101 1244 4145 sua

143 4153 314 4217 vietimsnn
334 4151 489 4220 ισνιοίυνννΙ
508 4156 581 4221 Deo
602 4157 723 4222 sistere
742 4161 856 4239 decet,
887 4165 924 4222 ut
943 4179 1021 4238 uo.
1042 4155 1154 4242 linssna
1179 4187 1245 4230 nnn
1345 4197 1348 4208 ·

144 4240 255 4302 solum
271 4239 373 4303 nullis
388 4239 537 4307 homines
551 4242 735 4308 maledictis
754 4257 868 4325 vexet,
888 4265 1000 4309 verum
1021 4247 1121 4312 etiarn
1138 4249 1246 4316 Deum

143 4323 305 4392 laudibus
320 4324 479 4398 eelebret.
521 4325 661 4395 Paulum
678 4350 777 4418 quom
792 4338 830 4396 ut
840 4337 958 4400 taneto
978 4341 1068 4401 esset
1082 4333 1248 4402 Romano·
