2776 5018
104 419 106 430 ,
207 383 277 451 aaa
406 375 1130 454 *rrrsroenaooouanos
1259 346 1261 351 ’

141 565 145 579 ·
213 535 349 622 Meyero
364 521 569 624 perplacuit,
591 533 820 602 Loclmoanac
832 535 934 601 textis
948 535 1076 605 intulit.
1119 531 1185 602 Sed
1201 524 1232 598 et
1245 533 1334 623 γὰρ.

214 625 248 690 h.
262 625 288 691 l.
303 623 385 686 lerri
403 644 467 688 non
488 619 591 711 poss'e¹
601 619 771 706 Boionius,
794 621 991 687 Rtteeltertatc
1013 627 1047 687 et
1060 621 1138 693 aW.
1149 619 1318 688 viderunt.

214 710 272 775 Ad
290 729 420 773 versam
445 707 495 773 13.
518 705 581 792 γάρ
600 706 719 769 releari
745 708 878 791 nequit,
905 727 1006 792 quum
1029 727 1160 772 versum
1183 706 1236 773 14.
1256 725 1321 770 non

199 795 342 873 obiter,
372 802 409 856 ut
423 792 579 857 cancellis
594 788 683 855 reete
703 791 907 872 includatur,
934 791 1099 881 adjectum
1120 812 1197 854 esse
1219 812 1322 878 appa·

214 889 299 944 reat.
323 875 374 943 Ne
400 899 440 942 ue
453 877 571 944 melius
586 869 650 960 γάρ
666 897 794 940 vorsum
811 877 862 940 15.
876 897 948 940 cum
967 878 1079 945 vali.
1095 877 1210 953 vineit.
1234 877 1321 942 Nam

212 971 334 1048 arguta
397 963 484 1046 eyeri
504 963 591 1026 ratio
613 962 735 1024 nemini
756 961 971 1030 satisfecerit.
1013 959 1050 1028 Ie
1070 957 1184 1046 ydola.
1205 962 1258 1026 la
1280 961 1321 1026 ad

210 1051 410 1128 ¹sententiam
429 1053 536 1112 mente
550 1045 732 1110 addendam
748 1055 900 1134 spectare
913 1048 1045 1135 putavit
1067 1049 1099 1110 lt.
1121 1068 1172 1114 r.:
1194 1043 1323 1154 (offeci

146 1145 153 1156 ’
214 1127 721 1303 ttttdttttttatttat
744 1127 1202 1286 attentanda
1217 1153 1319 1304 iiiii

214 1305 281 1385 rit,
303 1304 361 1388 qui
375 1301 466 1367 nulli
482 1301 582 1365 iatius
596 1303 800 1389 exceptionis
814 1302 944 1366 ratione
966 1303 1079 1368 canite
1100 1301 1186 1366 cibis
1207 1319 1321 1366 vesca·

212 1395 280 1470 tur,
300 1409 384 1475 quos
397 1385 761 1452 infirmiClaristiaoiut
775 1387 925 1472 impuros
939 1385 1168 1453 abominentur
1183 1388 1232 1472 (v.
1240 1387 1324 1469 154.
1382 1429 1383 1432 =

210 1473 387 1540 Librarius
400 1481 508 1536 autem
523 1470 586 1557 γάρ
601 1472 633 1535 in
648 1471 687 1536 di
700 1481 857 1553 mutasse,
870 1472 957 1559 quod
970 1468 1034 1558 γάρ·
1049 1473 1320 1536 versum15.cuta

210 1561 273 1642 iis,
302 1578 387 1644 quiae
405 1558 621 1638 antecedunt,
643 1558 727 1620 orale
739 1569 939 1641 *connectere
952 1557 1191 1640 credidissent,
1212 1554 1320 1640 (Mitt.

211 1645 235 1710 l.
246 1665 275 1711 c.
285 1643 617 1729 etMeyerns)parom
627 1641 832 1706 considerate
845 1641 966 1707 dictum
975 1650 1224 1731 estpropterea,
1236 1642 1320 1730 quod

128 1799 130 1805 ,
210 1728 410 1808 soribasydo
420 1736 453 1791 et
469 1727 506 1792 δέ
520 1729 704 1792 sexcenties
717 1727 916 1792 conlunde're
930 1729 1320 1812 tralatitiutnest(v.aot.

211 1812 254 1878 ad
270 1810 477 1898 11‚13.tt,p.
490 1813 594 1895 liti).
636 1809 666 1876 ei
683 1813 720 1877 de*
736 1810 918 1897 decidendae
933 1808 952 1879 ὁ
966 1807 1114 1898 ἀδελφός
1126 1834 1188 1878 σου
1201 1813 1321 1876 λυπεῖ-

210 1902 282 1982 ται]
297 1899 327 1962 si
336 1906 442 1964 atatem
450 1905 583 1982 propter
590 1895 794 1983 cidamtqdia
810 1897 1043 1978 cibumaumia
1059 1918 1155 1984 quem
1163 1897 1318 1984 spiraeum
1387 1944 1388 1947 η

210 2005 288 2048 esse
303 1985 409 2048 irater
422 1991 500 2046 tuus
510 1980 728 2068 judicaverit)
741 1983 847 2047 frater
859 1989 936 2048 taus
946 1985 982 2048 in
994 1983 1167 2050 tristitiam
1179 1980 1320 2068 conjici·
1387 1964 1388 2031 l

207 2073 276 2134 tter.
296 2068 429 2154 Quippe
443 2068 491 2154 pii
507 2067 841 2132 hominesnonaolum
852 2067 923 2131 suis
935 2069 1079 2156 peccatis
1093 2073 1254 2148 maerent,
1269 2087 1322 2130 va-

210 2175 286 2218 rum
305 2155 403 2219 etiam
427 2173 527 2239 quum
549 2152 635 2216 elios
660 2173 795 2242 peccare
819 2152 961 2218 viderint
983 2152 1016 2217 in
1039 2151 1209 2218 maestitia
1231 2159 1318 2217 sunt.

211 2233 666 2318 Nonrectesclaol.Mattl1.,
694 2238 828 2303 Grotius
848 2239 891 2304 al.
913 2231 1069 2302 denticant
1088 2237 1137 2301 sic
1156 2257 1320 2326 exposue-

141 2323 160 2340 ”
212 2332 310 2390 runt:
336 2323 565 2404 contristatur,
594 2343 650 2408 op.
668 2324 697 2383 si
719 2322 905 2387 libertatem
926 2323 974 2387 ita
994 2322 1165 2405 delendis,
1194 2333 1232 2386 ut
1253 2321 1320 2408 ipsi

212 2409 411 2492 imperitiam
432 2406 607 2484 exprobres
629 2405 783 2489 (Mortem
813 2404 914 2493 qulam
943 2403 1050 2489 videt,
1073 2423 1114 2472 'se
1134 2409 1251 2496 sperni
1276 2407 1319 2470 ul)

213 2494 311 2574 aliis,
330 2515 367 2557 se
380 2489 492 2578 inique
505 2498 539 2555 et
555 2489 910 2578 sinistredijudicari).
955 2491 1044 2558 Male
1059 2493 1197 2578 attam,
1217 2491 1320 2558 Wctt.

71 2597 75 2603 ·
212 2580 258 2644 al.
274 2578 428 2642 λυπεῖται
439 2578 557 2642 domno
569 2573 716 2662 officitur
729 2578 859 2651 (λυπεῖν
870 2599 945 2641 τινα
960 2577 1059 2644 alictii
1072 2598 1196 2664 nocere,
1213 2581 1320 2660 lentato

211 2661 526 2748 tenbtdnttidttigm,
547 2681 579 2728 v.
599 2660 704 2724 Lexx.
719 2663 786 2743 gr.)
802 2662 1044 2750 explicuerunt.
1087 2661 1174 2728 Nam
1194 2663 1318 2726 tonsi·
1364 2697 1368 2712 ‹

210 2749 447 2816 catalasca
468 2747 574 2812 tristia
592 2747 755 2824 redditur,
781 2749 869 2832 χαρά
888 2743 984 2813 docet
1002 2767 1033 2814 v.
1056 2749 1123 2816 17..
1173 2743 1320 2813 οὐκέτι

129 2851 135 2860 ·
211 2829 297 2898 κατὰ
308 2827 441 2918 ’ἀγάπην
454 2833 668 2916 περιπατεῖς]
688 2851 752 2895 aon
764 2831 885 2898 diutius
897 2833 941 2898 cd
953 2832 1074 2898 omorio
1090 2833 1193 2918 lencm
1213 2833 1318 2897 eitam

209 2917 324 3004 ditiyie
342 2917 447 3000 (illico
466 2936 609 2980 amorem
632 2936 672 2979 ex
693 2915 802 2980 animo
821 2914 978 3004 ejecisti).
1026 2913 1073 3001 μή
1095 2919 1142 3004 τῷ
1162 2913 1320 3002 βρώματί

210 3023 273 3068 σου
298 3001 421 3068 ἐκεῖνον
444 2996 611 3084 ἀπόλλυε]
638 2999 705 3066 noli
724 3001 793 3066 eido
811 3007 868 3066 tuo
889 3000 1121 3088 sempiternom
1140 3000 1325 3086 pernicicm

210 3086 324 3173 (9,22.
338 3088 356 3151 1
371 3083 549 3166 Cor.l,18.
561 3087 670 3168 8,11.)
682 3084 733 3150 ilii
744 3086 865 3174 afferre
879 3087 952 3154 scil.
965 3107 1017 3168 eo,
1033 3087 1121 3172 quod
1133 3096 1193 3152 too
1208 3105 1320 3150 exeae-

208 3173 267 3260 plo
290 3171 447 3237 inductus
467 3171 550 3235 cibis
571 3178 742 3250 vescatur,
776 3191 861 3258 quos
880 3171 1031 3274 impuros
1051 3191 1126 3238 osse
1146 3170 1317 3260 partaverit

209 3278 313 3344 seque
327 3257 439 3340 gravi,
466 3277 532 3342 quo
548 3254 782 3320 conscientiam
801 3263 1019 3338 contaminet,
1047 3264 1183 3368 peccato
1202 3257 1316 3344 pollu-

207 3349 278 3406 tum
294 3341 429 3406 acternai
440 3341 600 3406 felicitate
614 3339 784 3422 indignum
800 3340 918 3407 reddat
929 3343 987 3426 (ci.
1002 3363 1031 3408 v.
1047 3343 1102 3411 2⁰.
1121 3342 1186 3409 23.’
1201 3351 1220 3411 l
1236 3341 1316 3410 Gor.

207 3427 302 3509 ulo.
318 3427 406 3508 lt),
428 3445 492 3488 non
509 3447 568 3505 eo,
596 3425 685 3512 qrtod
699 3426 892 3490 liberaliore
912 3435 971 3493 tuo
991 3426 1083 3490 uultu
1104 3425 1250 3507 cilicias,
1278 3431 1318 3491 ut

206 3511 315 3577 Masis
329 3511 482 3591 instituta
493 3509 760 3659 pertinacissime
776 3511 918 3576 retineat
937 3521 972 3576 et
991 3535 1009 3575 a
1025 3511 1161 3578 Christo
1183 3511 1226 3574 ad
1242 3510 1317 3576 nto-

207 3595 266 3662 s'eu
280 3595 412 3675 deliciet
426 3599 477 3682 (aQ
520 3595 660 3678 lenpaut.
677 3595 718 3660 el.
734 3595 824 3660 Grot.
838 3604 873 3660 et
885 3597 1059 3680 Samiam).
1086 3593 1133 3678 μὴ
1147 3598 1196 3680 τῷ
1208 3597 1259 3681 βρ
1269 3597 1317 3659 ut-

204 3680 306 3763 ματί
321 3700 396 3747 σου
408 3677 529 3745 ἐκεῖνον
545 3674 709 3752 ἀπόλλυε,
725 3675 811 3761 ὑπὲρ
828 3671 868 3746 οὗ
884 3679 1036 3766 Χριστὸς
1048 3675 1221 3763 deciduae]
1245 3681 1317 3746 ooli

204 3774 275 3844 tuo,
301 3763 572 3854 quedeleetoris,
599 3763 666 3829 cido
687 3764 780 3828 illum
803 3765 963 3852 perdere,
996 3787 1057 3854 pro
1080 3786 1145 3853 quo
1170 3765 1318 3834 cta-tetus

203 3857 339 3919 mortem
353 3848 509 3915 cceottttt.
550 3850 596 3914 Η.
610 3848 635 3916 Ι.
657 3849 742 3914 firmi
761 3849 900 3916 Romani
920 3851 1014 3918 cibus
1032 3850 1161 3920 Christi
1182 3852 1315 3940 suppli-

203 3936 276 4016 cio,
297 3935 448 4020 infirmus
463 3931 633 3998 Romanus
647 3933 782 4000 Christo
804 3936 990 4024 opponitur.
1016 3937 1104 4017 Tu,
1126 3937 1316 4017 homuncio,

200 4019 315 4110 pluris
329 4018 601 4084 iaeisdelioatum
618 4026 709 4083 tuom
730 4019 856 4099 eibum,
886 4043 983 4107 quam
1004 4029 1171 4086 aeternam
1192 4021 1316 4088 fratris

149 4151 153 4162 ,
201 4107 253 4172 tai
270 4105 429 4170 salutem:
458 4103 633 4184 Christus,
661 4104 729 4168 Dei
748 4105 840 4168 lilios
861 4104 1096 4193 hominumque
1114 4106 1316 4192 sospitatem

200 4190 301 4258 vitam
315 4187 481 4279 proludit,
503 4198 540 4252 ut
553 4189 690 4253 fratrem
703 4197 795 4254 tuum
811 4211 851 4253 ex
864 4194 999 4258 aeterni
1013 4199 1107 4280 peste
1124 4197 1314 4256 extractum

200 4277 402 4364 sempiterno
420 4273 544 4337 bearet.
586 4275 764 4339 Praeclare
777 4275 1020 4356 chrysostomus
1033 4285 1070 4342 nt
1088 4283 1202 4343 orator
1223 4276 1314 4340 hane

174 4427 177 4448 4
198 4361 397 4435 seutentiam
415 4357 581 4447 exposuit.
625 4357 797 4431 Nonnulla
816 4361 921 4448 igitur
938 4359 1068 4430 addidit
1086 4383 1105 4430 a
1120 4359 1232 4431 Paulo
1252 4363 1313 4428 hta
