2860 5016
180 403 181 406 κ
208 329 253 421 α’
378 319 696 468 εννευοιε
720 341 810 425 'no
829 293 1122 426 ‘'nonrnnos'

207 511 313 596 inita,
334 485 399 601 qud
412 511 598 604 conjuretis
613 476 716 578 multa
730 521 766 594 et
779 474 887 587 olfieia
905 505 949 584 et*
957 511 1037 600 jura
1061 491 1158 582 inter
1171 501 1218 581 'se¹
1228 493 1315 580 obm-

207 598 317 664 munia
334 599 421 682 sint,
441 621 516 664 eum
529 621 670 688 eorpore
687 598 983 700 humano-ejusque
1006 601 1162 666 membris
1182 621 1315 686 eompa-

55 718 58 726 ·
180 687 277 751 rari
297 686 397 751 solet.
440 683 531 750 Tota
551 687 694 751 aoeiotas
713 706 846 773 eorporr
866 685 1092 770 assimilatur,
1125 685 1237 774 quiin
1260 707 1315 750 so·
1369 769 1370 776 ἵ

206 773 327 837 eietate
349 776 428 836 sunt
449 791 522 835 eum
543 772 697 859 eorporis
727 770 884 836 membris
913 771 1167 848 contenduntur.
1189 847 1191 850 .
1217 771 1314 836 Hane

204 879 276 922 rem
292 865 325 922 et
340 857 471 929 Grotius
484 855 526 921 ad
542 856 577 925 b.
591 857 616 924 1.
631 864 665 922 et
685 855 876 922 ll'etoteuiue
891 851 941 938 Il,
948 857 1002 925 79.
1020 863 1054 922 et
1070 859 1145 929 1⁵2.
1159 879 1211 944 sq.
1226 856 1312 926 mul,-

137 988 140 999 =
202 943 249 1010 tis
262 942 346 1008 loeis
360 941 563 1022 illustravit,
588 963 727 1030 anorum
742 941 920 1007 nonnullos
935 941 1090 1023 afferam,
1111 941 1223 1032 lepidb
1239 939 1313 1016 Με-

202 1029 293 1094 nenii
308 1027 504 1115 Agrippae,
522 1029 599 1116 'qud
617 1029 649 1092 in
672 1035 900 1096 saoromonte
920 1028 1026 1096 iratae
1047 1029 1159 1118 plebis
1184 1036 1312 1094 mentes

84 1171 87 1187 ,
203 1113 314 1194 flexit,
342 1111 457 1178 fabula
477 1109 569 1198 (Liv.
590 1113 702 1197 2,32.)
725 1113 919 1224 praeterita.
967 1112 1015 1181 M.
1041 1114 1237 1182 Antoninus
1254 1111 1312 1178 De

89 1279 91 1283 ι
183 1199 184 1204 ’
202 1197 305 1266 rebus
319 1197 391 1263 suis
404 1197 499 1277 7‚13.
523 1187 604 1262 Οἷόν
620 1195 711 1264 ἐστιν
723 1224 757 1266 εν
772 1190 1009 1285 ἡνωμένοις
1029 1199 1198 1282 (continno
1219 1206 1311 1280 sunt,

201 1306 287 1373 quae
302 1305 366 1349 uno
382 1283 505 1368 spiritu
519 1283 749 1366 eontinentur,
773 1290 812 1349 ut
827 1285 939 1368 bomo)
952 1283 994 1348 τυλ
1007 1282 1093 1372 μέλη
1107 1285 1168 1349 τοῦ
1190 1279 1312 1364 σώμα-

89 1415 93 1421 -
201 1391 259 1446 τος
267 1416 277 1448 ,
306 1371 427 1434 τοῦτον
441 1365 517 1448 ’ἔνια
534 1365 596 1457 τὸν
618 1369 716 1454 λόγον
739 1367 779 1436 ἐν
801 1365 1007 1436 διαστῶσι
1033 1369 1089 1450 (ex
1111 1369 1313 1435 distantibus

195 1464 279 1524 ,sunt
291 1455 413 1519 naturai
425 1451 551 1520 diducti
565 1460 600 1520 et
614 1455 757 1541 singuli,
779 1451 838 1520 sed
847 1453 926 1544 jure
945 1463 979 1520 et
1001 1455 1109 1523 ollieio
1125 1455 1313 1528 eobaerem

147 1569 152 1579 ²
198 1552 270 1622 teo,
292 1547 329 1605 ut
341 1541 504 1628 populus,
526 1548 681 1622 senatus,
699 1541 885 1624 exereitus)
900 1538 943 1609 τὰ
956 1539 1075 1624 λογικοὶΙ
1096 1537 1187 1624 πρὸς
1203 1537 1310 1620 μίαν
1380 1559 1381 1565 ’

197 1626 290 1701 τινὰ
312 1623 534 1711 συνεργίαν
548 1625 844 1708 κατεσκευασμένα.
887 1622 1085 1696 Montanos
1103 1646 1161 1692 σοι
1183 1618 1311 1710 droti?

104 1713 113 1732 “
196 1734 257 1776 noo
270 1705 386 1796 νόησις
400 1712 660 1796 repugnandum,
691 1709 851 1794 ternodo
871 1705 991 1779 ἑαυτὸν
1010 1706 1177 1786 πολλάκις
1197 1707 1310 1794 λέγης,
1351 1759 1352 1762 .

196 1791 251 1864 ὅτι
264 1796 367 1875 μέλος
381 1789 525 1872 ελμλτοῦ
541 1793 577 1858 ἐκ
593 1794 658 1860 τῶν
678 1796 820 1882 λογικῶν
840 1794 1121 1881 συστήματος.
1166 1794 1235 1863 Cio.
1291 1816 1310 1860 e

196 1879 285 1948 ollio.
310 1877 502 1962 111‚5,22.,
531 1878 598 1963 Ut,
621 1879 665 1956 si
687 1881 943 1969 unumquodque
965 1881 1146 1960 membrum
1171 1877 1310 1945 sensum

193 1967 281 2031 buno
292 1965 452 2047 baberet,
473 1971 512 2032 ut
524 1988 625 2052 posse
637 1973 771 2058 putaret
788 1990 824 2032 se
838 1967 977 2046 valere,
993 1965 1023 2029 si
1040 1962 1184 2052 proximi
1205 1964 1311 2030 mem-

124 2115 129 2120 .
193 2051 248 2126 bri
262 2049 484 2118 valetudinem
499 2053 591 2116 adse
606 2053 827 2134 traduxisset,
857 2051 1030 2118 debilitari
1045 2059 1078 2116 et
1093 2051 1232 2116 interire
1254 2045 1310 2114 'to'-

191 2145 263 2204 tum
277 2158 399 2223 eorpus
413 2157 549 2202 neeesse
563 2143 670 2204 esset:
693 2139 760 2218 sie,
788 2137 819 2204 oi
833 2136 1062 2222 unusquisque
1084 2129 1237 2218 nostrrim
1260 2128 1308 2200 ad

193 2245 230 2289 se
242 2223 355 2311 rapiat
370 2219 538 2288 commoda
552 2223 695 2308 aliorum
710 2220 928 2308 detrahatque
946 2219 1033 2309 prod
1054 2221 1172 2307 ornique
1193 2221 1310 2308 possit

191 2309 403 2389 emolumenti
433 2306 487 2370 sui
509 2308 637 2390 gratib,
663 2305 806 2374 sooietas
830 2307 995 2371 bominum
1019 2313 1054 2370 et
1081 2307 1307 2371 communitas

192 2401 364 2460 evertatur
384 2385 523 2457 neeesse
545 2399 627 2460 est·
653 2391 728 2462 Liv.
742 2393 837 2474 6‚34.
854 2391 901 2456 Μ.
916 2390 1015 2456 Fabii
1033 2391 1212 2470 Ambusti,
1242 2413 1309 2480 po·

120 2495 122 2500 '
188 2477 389 2559 tentisviri‚
412 2499 512 2564 quum
528 2478 616 2544 inter
630 2479 684 2543 sui
698 2477 843 2563 σουμσνλε
856 2476 1024 2562 homines,
1048 2485 1115 2542 tum
1135 2476 1235 2540 etiam
1261 2475 1308 2540 ad

189 2567 320 2656 plebem
334 2601 375 2612 -
388 2563 479 2642 lilino
493 2562 577 2628 duae
591 2569 715 2650 nuptae
729 2601 780 2626 —-.
810 2561 935 2628 Seneca
950 2559 1071 2626 De'ira
1085 2561 1207 2638 2‚31..-
1230 2560 1308 2626 Ne÷

187 2655 243 2716 'fas
259 2658 312 2715 est
324 2670 443 2714 uouere
459 2648 606 2736 patriae,
623 2671 712 2734 ,ergo
727 2647 796 2714 nivi
809 2665 959 2734 quoque:
982 2667 1056 2710 nam
1072 2647 1125 2710 bio
1137 2669 1216 2730 puro
1231 2668 1306 2730 pn-

189 2737 276 2803 trioe
298 2733 363 2801 est.
418 2733 561 2798 Sanctae
582 2742 696 2817 portes
718 2742 815 2814 sunt,
850 2733 882 2800 si
903 2732 1085 2812 uniuersum
1108 2733 1307 2798 venerabile
1421 2789 1424 2800 .

189 2826 255 2892 est.
298 2813 389 2904 Ergo
407 2826 441 2886 et
462 2820 599 2888 bomini.
637 2817 728 2884 Nam
750 2819 804 2884 hie
819 2816 861 2882 'in
883 2815 1007 2907 majore
1026 2817 1087 2880 tibi
1110 2818 1191 2902 urbe
1214 2817 1307 2882 civis

189 2912 255 2973 est.
299 2901 391 2990 Quid
409 2905 439 2969 si
454 2923 572 2990 nouere
587 2903 692 2976 velint
706 2925 822 2992 manus
835 2900 994 2992 pedibus,
1015 2900 1167 2966 manibus
1183 2895 1306 2970 oculi?
1382 2901 1389 2932 ⁸

190 2991 240 3058 Ut
256 2991 364 3056 omnia
381 2991 468 3054 iuter
485 3013 526 3072 se
544 2991 691 3056 membra
712 2989 940 3076 consentiunt,
969 2987 1046 3075 quia
1058 2987 1202 3073 singula
1226 3009 1310 3052 ser»
1363 2986 1373 2996 “

188 3078 259 3144 vari
275 3077 379 3143 totius
393 3077 559 3159 interest,
581 3076 629 3140 ita
646 3074 795 3142 homines
809 3074 954 3157 singulis
968 3082 1125 3161 parcent,
1153 3073 1233 3159 quia
1258 3073 1307 3140 ad

186 3171 315 3230 coetum
331 3162 438 3247 geniti
451 3183 577 3240 sumna.
615 3161 718 3226 Salva'
731 3171 841 3226 autem
856 3180 930 3224 esse
943 3161 1087 3223 sooietas
1100 3159 1168 3222 nisi
1183 3179 1306 3228 amore

186 3258 221 3316 et
237 3245 389 3314 custodial
405 3247 551 3334 partium
572 3266 636 3310 non
656 3249 781 3332 potest.
802 3262 845 3292 -ὲ
888 3242 945 3308 Sie
967 3243 1067 3306 etiam
1081 3241 1302 3310 Christiano*

185 3358 260 3402 rum
276 3341 391 3399 coetus
407 3331 545 3416 aliquod
559 3352 681 3417 eorpus
694 3329 798 3396 ellioit
816 3331 849 3410 (l
867 3326 943 3406 Cor.
957 3327 1069 3409 lo,1⁷.
1089 3329 1225 3410 12,12.,
1251 3329 1305 3396 ita

186 3422 333 3510 paridem,
359 3424 395 3481 ut
410 3414 739 3504 Christus‚,quippe
758 3422 872 3480 noetus
892 3407 947 3480 sui
968 3413 1157 3479 moderator
1171 3412 1212 3478 'et
1237 3415 1305 3484 do.

186 3510 315 3585 minns,
343 3499 494 3588 eorporis
511 3507 612 3589 eaput
630 3501 676 3565 sit
695 3497 830 3588 (Ephes.
854 3499 944 3575 1‚22.
965 3498 1059 3579 n,15.
1083 3497 1155 3566 Col.
1177 3501 1306 3584 1,18.),

187 3592 339 3659 homines
360 3585 535 3652 christiani
556 3587 676 3673 eapitis
698 3607 819 3674 eorpus
837 3583 937 3674 (pr.
960 3583 1052 3666 4,12.
1074 3584 1146 3650 Col.
1170 3585 1305 3670 l‚24.)‚

186 3680 219 3743 b.
233 3697 262 3756 e,
277 3682 387 3738 uetera
404 3671 548 3751 membra
564 3672 708 3752 laniant,
754 3693 813 3736 uae
828 3671 928 3735 simul
944 3692 1017 3742 oum
1038 3671 1146 3758 rapite
1163 3669 1304 3736 Christi

186 3781 307 3840 eorpus
330 3759 365 3843 (l
389 3754 466 3824 Gor.
491 3757 603 3838 12,27.
626 3755 711 3845 pr.
729 3693 841 3839 tbilli.)
867 3756 1084 3823 constituant.
1138 3753 1304 3822 Vocatur

86 3891 108 3917 -,
186 3844 315 3914 Christi
329 3865 450 3932 eorpus
471 3841 495 3907 i.
515 3864 544 3907 e.
567 3841 742 3923 Christus,
770 3842 921 3930 eorporis
940 3850 1058 3930 eaput,
1086 3850 1120 3906 et
1140 3841 1302 3914 homines

185 3930 380 4012 christiani,
410 3927 467 4016 qui
486 3936 671 3993 ceterorum
690 3935 826 4016 excepto
848 3949 883 3994 oa
913 3926 957 3990 ite
980 3927 1198 4006 membrorum
1224 3928 1305 3993 vim
1340 3940 1342 3943 ’

185 4018 381 4097 obtineant,
398 4013 510 4084 l·Gor.
526 4014 637 4096 12,12.
655 4005 849 4100 ὁΧριστός.
887 3949 1018 4097 IlQuidni
1035 4015 1140 4092 enim,
1167 4017 1206 4075 nt
1229 4013 1300 4078 boe

102 4109 106 4117 '
185 4113 279 4183 utar,
300 4101 390 4166 bomo
411 4120 474 4188 pro
498 4105 564 4165 toto
585 4097 723 4164 bominis
742 4119 871 4183 corpore
892 4089 1189 4164 commemoretur?
1223 4095 1263 4162 N
1267 4098 1299 4162 i-

184 4191 303 4254 mirum
325 4185 472 4250 ellieinnt
489 4183 678 4252 'Christiani
699 4183 864 4252 bominum
894 4205 912 4248 a
936 4183 1081 4262 Satanae
1110 4181 1301 4266 tyrannide
1346 4257 1350 4265 ,

184 4275 399 4354 liberatorum
411 4278 445 4336 et
458 4270 493 4334 in
508 4268 636 4336 Christi
649 4289 753 4356 regno
774 4267 975 4333 beandorum
996 4274 1123 4334 coetum
1139 4265 1235 4355 juris
1260 4280 1301 4334 et

186 4359 288 4428 ollieii
300 4355 459 4424 societate
472 4355 590 4446 intimo
602 4354 752 4447 jonatum
767 4357 862 4438 (Aet.
874 4354 987 4438 26,18.
1003 4349 1074 4421 Col.
1091 4353 1180 4436 1‚13.
1201 4349 1300 4442 pr.
