2776 5018
176 393 243 466 πο
376 387 665 462 εοιετοιι
702 389 779 460 ιο
814 332 1089 459 nourrius

177 555 263 612 verbo
277 562 306 610 et
317 571 365 625 re,
381 555 497 624 pervim
511 553 710 610 miraculorum
725 561 754 608 et
765 559 979 623 portentorum,
994 569 1044 622 per
1056 547 1209 619 potentiam
1227 549 1282 618 spi-

177 625 246 682 ritus
259 625 341 680 divini
375 625 429 679 hoc
441 635 560 694 eventu,
581 633 611 677 ut
630 623 664 678 ab
679 623 883 692 Hierosolymis
897 630 925 676 et
938 622 1043 701 cipcum
1054 620 1129 678 *cirea
1144 637 1232 690 usque
1250 622 1281 673 ad

177 695 303 768 illyriam
326 661 426 748 Christi
454 694 626 764 evangelium
651 693 850 766 suppleverint,
880 691 916 745 ita
943 689 1053 762 quidem
1075 699 1106 744 ut
1126 687 1281 772 doctrinam

177 763 234 822 div.
248 765 353 818 tradam
367 761 444 818 enixe
454 781 567 836 operam
582 763 665 828 dnus,
682 778 739 816 non
760 761 807 816 ubi
820 760 920 814 Christi
934 777 1035 814 nomen
1049 760 1219 825 innotuerit,
1240 777 1282 812 me

98 839 100 842 '
176 837 211 888 ab
224 835 283 889 aliis
294 830 429 904 magistris
444 831 516 902 iacto
529 831 712 885 fundamento
725 831 837 897 abutar,
853 831 918 893 sed,
935 829 963 883 id
975 827 1050 898 quod
1062 827 1166 898 Josajae
1182 846 1282 883 oracu-

177 901 238 956 lum
258 903 303 969 52,
317 903 360 955 15.
383 902 449 956 mihi
470 899 645 972 praescrihit,
662 899 696 954 iis
716 901 843 972 paganis,
867 900 915 970 qui
933 899 1059 952 nondum
1081 897 1233 968 quidquam
1251 898 1283 952 de

178 972 289 1028 Christo
302 971 487 1028 inaudirerint
498 973 538 1038 (v.
553 970 597 1024 18.
607 997 637 1010 -
648 971 717 1038 λλ).
748 969 823 1024 Hinc
838 969 969 1034 nimirum
984 967 1153 1035 impediebar
1165 967 1285 1035 plerum·
1380 975 1381 980 ’

177 1061 246 1112 que,
264 1059 320 1112 quo
333 1042 424 1094 minus
437 1042 470 1096 od
485 1059 535 1096 vos
550 1037 686 1107 venirem,
706 1040 805 1112 quibus
823 1038 947 1091 Christus
966 1035 1019 1104 iam
1034 1037 1155 1095 innotuit
1166 1037 1207 1106 (v.
1220 1036 1284 1100 22).
1381 1041 1382 1086 l

176 1111 260 1166 Nunc
277 1125 342 1162 vero
362 1129 449 1181 quum
468 1127 526 1161 non
543 1107 646 1162 diutius
667 1107 760 1163 locum
780 1104 900 1161 docendi
921 1125 981 1167 eos,
999 1105 1100 1176 quibus
1117 1105 1219 1160 Christi
1232 1125 1284 1159 no-

176 1199 241 1234 men
260 1180 387 1234 nondum
407 1179 578 1250 innotuerit,
601 1175 714 1231 hiberin
736 1178 764 1231 in
782 1176 824 1232 his
843 1177 1017 1248 regionibus,
1036 1173 1284 1232 desiderio-autern

176 1251 272 1304 tenear
284 1248 415 1304 seniendi
428 1249 526 1304 advos
539 1267 553 1302 a
567 1247 661 1302 multis
673 1248 769 1318 runis,
786 1247 902 1302 simulac
914 1245 1070 1318 proficiscor
1082 1245 1110 1298 in
1125 1244 1283 1314 Hispaniam

176 1319 276 1372 ridebo
295 1335 360 1378 ros,
375 1317 416 1371 uti
431 1336 529 1392 sporo,
547 1317 600 1372 iter
617 1337 668 1389 per
679 1320 796 1370 vestram
809 1317 906 1370 urbem
927 1315 1027 1370 iaciens
1046 1325 1073 1368 et
1091 1331 1106 1366 a
1127 1315 1205 1368 vohis
1221 1315 1285 1370 illue

176 1389 313 1455 deducar,
338 1405 425 1458 quum
443 1385 531 1442 vestri
554 1387 754 1442 consuetudine
779 1397 844 1440 ante
869 1385 964 1440 onnia
984 1383 1157 1454 aliquatenus
1175 1387 1286 1440 satiatus
1382 1375 1383 1410 l

176 1455 486 1525 tuerotv.2t.ettt.).
523 1457 605 1512 Nunc
623 1451 1242 1526 eutemproliciscicogitollierosolvmaeto
1262 1474 1286 1508 e·
1382 1449 1383 1502 l

176 1545 236 1580 rsm
252 1541 351 1580 navare
371 1525 533 1580 hominibus
545 1525 608 1580 Deo
628 1525 740 1580 secretis
760 1528 798 1592 lv.
812 1527 879 1592 tn).
914 1523 1020 1594 Nempe
1034 1511 1135 1596 placuit
1149 1523 1231 1578 Mace
1253 1541 1285 1575 o·
1311 1571 1314 1578 .

176 1597 259 1662 nibus
272 1604 299 1649 et
307 1593 422 1652 Achaeis
436 1613 546 1680 perram
565 1594 703 1667 quandam
715 1594 850 1718 pecuniae
866 1591 1044 1648 collationem
1057 1591 1086 1646 in
1103 1611 1237 1666 pauperes
1251 1596 1286 1649 la·

177 1682 258 1736 cere,
302 1665 330 1717 ui
350 1674 414 1722 tunt
435 1677 508 1720 tuter
526 1663 697 1721 Christianos
735 1663 961 1740 ierosolymarios
981 1665 1021 1732 (v.
1039 1663 1104 1732 26.).
1147 1661 1286 1734 Nimirum

177 1735 280 1808 placuit
327 1733 496 1789 acedonibus
514 1745 540 1789 et
555 1732 669 1790 Achaeis
689 1732 984 1806 hierosolymsriorum
1001 1733 1224 1788 Christianorum
1237 1733 1286 1788 he-

177 1799 277 1858 neficio
297 1801 435 1873 obligatis.
476 1804 546 1858 Nam
573 1803 595 1858 si
616 1801 774 1862 caelestium
795 1803 882 1858 divini
907 1802 1016 1873 spiritus
1033 1805 1194 1871 bonorum,
1219 1822 1286 1874 quae
1383 1809 1384 1866 l

196 1871 316 1926 ossident
336 1873 482 1946 participes
503 1868 570 1930 lacti
588 1883 653 1926 aunt
670 1872 806 1943 gentiles,
826 1881 935 1948 oportet
954 1871 1098 1927 h0s1etiem
1117 1871 1285 1928 inhumanis

175 1893 259 1998 honis
273 1939 514 2015 Hierosolyrutriis
530 1943 683 1996 ministrare
697 1941 738 2008 lv.
752 1939 819 2012 ²⁷·l·
857 1943 954 2013 Quum'
969 1943 1054 2012 igitur
1071 1939 1126 1997 hoc
1147 1941 1287 2014 negotium
1308 1993 1312 1998 ,

176 2013 241 2080 (iter
253 2009 443 2076 Hierosolyma
458 2011 617 2068 faciendum
632 2032 655 2066 v.
666 2011 726 2080 25.)
739 2015 882 2082 perfecero
895 2022 921 2068 et
935 2011 1098 2067 auctoritate
1119 2008 1180 2066 meai
1191 2011 1287 2066 firma·

175 2101 243 2138 vero
257 2079 418 2136 Christianis
436 2079 669 2154 hierosolymsriis
684 2081 758 2138 hunc
772 2082 859 2137 laetae
875 2080 1030 2138 collationis
1042 2083 1181 2152 fructum,
1199 2081 1288 2137 disce-

176 2153 239 2206 dam
264 2169 314 2224 per
337 2161 456 2207 vestram
482 2152 582 2205 urbem
604 2149 634 2204 in
657 2151 815 2225 Hispaniam
841 2155 879 2222 (v.
900 2151 966 2213 28.).
1016 2151 1080 2206 Scio
1100 2163 1210 2212 autem,
1235 2171 1287 2213 sne,

176 2239 261 2294 quum
275 2218 383 2275 renidm
402 2220 437 2276 ad
458 2239 523 2291 ros,
547 2220 601 2288 ita,
632 2229 663 2273 ut
677 2221 778 2276 Christi
798 2224 938 2276 bonorum
959 2221 1155 2278 abunduntiam
1169 2220 1287 2284 afferam,

175 2300 324 2346 venturum
336 2309 393 2344 esse
412 2291 523 2358 (αλδ).
547 2289 601 2344 Sed
616 2291 732 2345 obsecro
749 2311 795 2344 ros
811 2311 860 2362 per
873 2289 1013 2344 Christum
1035 2304 1062 2346 et
1074 2309 1126 2362 per
1140 2295 1288 2356 caritatem,

176 2377 258 2432 quarn
272 2358 385 2430 spiritus
398 2361 508 2417 divinus
518 2359 622 2430 gignit,
637 2369 669 2412 ut
681 2380 790 2415 mecum
808 2359 984 2415 vehementer
997 2362 1167 2418 contendatis
1180 2363 1209 2415 in
1227 2381 1288 2434 pre·

176 2427 271 2491 cibus,
291 2447 357 2498 ques
377 2450 429 2498 pro
443 2441 488 2482 me
510 2427 544 2482 sd
558 2429 649 2484 Deum
665 2429 801 2501 fundatis,
819 2440 849 2496 ut
862 2429 1102 2513 palaestinensium
1118 2433 1288 2490 ludaeorum
1384 2429 1386 2468 Τ

153 2562 155 2570 Ι
176 2496 285 2551 insidiis
305 2498 405 2570 eripiar
418 2507 444 2552 et
465 2505 600 2551 ulmeum
623 2499 751 2554 collectas
770 2519 899 2571 pecunias
918 2500 1086 2570 deportantis
1106 2501 1287 2557 ministerium

174 2565 303 2621 Hierosol
326 2571 377 2620 mis
396 2567 560 2622 destinatum
576 2566 739 2636 Christianis
760 2568 914 2638 jucundum
936 2569 971 2624 sit
989 2568 1136 2644 vestrique
1154 2573 1287 2646 supplica·

175 2638 251 2690 tione
268 2583 407 2707 dhycialis,
430 2649 461 2691 ut
479 2635 565 2692 laetus
586 2639 655 2707 (non
680 2637 780 2721 triplis)
808 2639 844 2693 ad
864 2653 927 2706 vos,
952 2639 975 2694 si
996 2641 1079 2696 Deus
1095 2641 1218 2706 dederit,
1241 2663 1288 2698 ve·

159 2705 250 2760 niatu
274 2715 302 2760 et
321 2707 466 2763 vobiscum
488 2725 533 2760 me
552 2725 674 2762 recreem
688 2710 723 2775 (v.
738 2707 890 2778 3042).
923 2709 1006 2764 Deus
1017 2720 1106 2766 nutem
1116 2748 1136 2778 ,.
1143 2715 1290 2782 felicitatis

178 2777 247 2844 (qud
260 2783 291 2828 nt
309 2777 394 2832 laetus
413 2775 446 2830 ad
466 2789 514 2830 ros
530 2778 637 2830 veniam
657 2785 800 2847 tantopere
811 2795 880 2850 egeo
896 2798 925 2837 v.
939 2779 1075 2849 30-82.)
1092 2778 1223 2856 largitor,
1245 2803 1289 2838 vo·

176 2845 220 2904 hit
236 2846 363 2903 omnibus
382 2845 468 2901 lavent
488 2847 530 2916 (v.
543 2845 612 2916 did!

632 3005 854 3015 *on——

253 3145 298 3220 V.
310 3143 570 3242 1.Ὀφείλομεν
577 3141 618 3222 δὲ
627 3143 734 3242 ἡμεῖς
751 3147 787 3222 οἱ
804 3146 964 3224 δυνατοὶ
978 3147 1026 3224 eoi
1041 3145 1290 3248 ἀσθενήματα

177 3255 255 3322 τῶν
288 3237 494 3326 διδονοίτων
522 3245 727 3346 βαστάζειν
758 3248 901 3348 καὶμὴ
928 3252 1075 3338 ἑαυτοῖς
1103 3252 1311 3353 ’ἅρέσκεινμ

177 3349 398 3434 &heuneus
420 3347 529 3447 ἡμῶν
549 3359 605 3450 τῷ
627 3350 785 3448 πλησίον
800 3353 1054 3453 ἀρεσκέτωζελς
1075 3355 1119 3431 τὸ
1135 3357 1291 3459 ἀγαθὸν

178 3451 270 3552 πρὸς
284 3449 509 3550 οἰκοδομήν..
522 3453 725 3557 3.Καίγὰρ
734 3455 996 3560 ὃΧριστδςςοῦχ
1005 3459 1129 3559 ἑαυτῷ
1143 3462 1289 3559 ἤρεσεν,

178 3553 311 3638 καθώς
331 3553 532 3657 γέγραπται
557 3557 600 3632 οἱ
623 3556 1291 3656 δνειδισμοὶτῶνδνειδιζόν-

178 3655 344 3733 τωνδί
371 3657 603 3737 ἐπέπεσαν
637 3660 695 3736 ἐπ’
732 3661 821 3760 ε’μέ.
898 3663 936 3744 ti.
961 3662 1060 3742 Ὅσα
1090 3663 1167 3766 μὰρ
1199 3693 1292 3764 προ-

178 3755 346 3862 εγράφη,
379 3765 430 3846 εἰς
450 3759 521 3860 τὴν
545 3759 730 3860 ἡμετέραν
751 3763 1002 3843 διδασκαλίαν
1032 3763 1202 3869 ἐγράφη,
1227 3772 1293 3845 ἵνα

179 3863 243 3940 διὰ
260 3871 326 3960 τῆς
341 3862 535 3962 ὑπομονῆς
547 3865 612 3940 καὶ
625 3865 731 3968 [διὰ]
747 3875 812 3965 τῆς
825 3866 1090 3970 παρακλήσεως
1102 3879 1182 3948 τῶν
1196 3901 1292 3975 γρα-

179 3974 268 4067 φιῦν
280 3964 350 4063 τὴν
367 3965 499 4044 ἐλπίδα
515 3970 671 4066 ἔχωμεν.
726 3969 763 4046 5.
786 3969 830 4049 Ὁ
843 3968 885 4047 δὲ
900 3972 991 4058 θεὸς
1010 3980 1076 4070 τῆς
1097 3971 1293 4073 ὑπομονῆς

179 4068 244 4146 καὶ
258 4077 324 4168 τῆς
337 4067 603 4169 παρακλήσεως
616 4071 696 4172 δηίη
710 4073 806 4170 ὑμῖν
820 4073 864 4150 τὸ
881 4076 975 4152 αὐτὸ
990 4081 1148 4176 φρονεῖν
1171 4082 1213 4154 ἐν
1226 4079 1292 4154 ἀλ-

179 4170 300 4268 λήλοις
322 4171 419 4248 κατὰ
442 4174 611 4274 Χριστὸν
628 4176 793 4274 Ἰησοῦν,
828 4179 865 4253 6.
888 4181 954 4256 ἵνα
966 4177 1225 4277 ὁμοθυμαδὸν
1252 4185 1294 4258 ἐν

180 4273 236 4350 ἑνὶ
253 4270 411 4374 στόματι
426 4272 605 4375 δοξάζητε
618 4275 686 4357 τὸν
706 4279 802 4355 θεὸν
814 4279 884 4358 καί
900 4280 1044 4384 πατέρα
1065 4292 1136 4360 τοῦ
1156 4271 1293 4383 κῦρίου
1326 4299 1329 4312 ’

171 4375 289 4474 »ἡμῶν
299 4377 420 4477 Ἰησοῦ
433 4381 617 4480 Χριστοῦ.
670 4383 705 4457 7.
732 4381 802 4460 Διὸ
821 4386 1159 4484 προςλαμβοίνεσθε
1180 4383 1293 4484 ἀλλή-

179 4488 286 4576 λους,
313 4478 446 4568 καθώς
460 4482 525 4560 καί
543 4483 742 4585 δΧριστδς
763 4483 1009 4592 προςελοίβετο
1030 4486 1132 4588 ὑμᾶς
1152 4495 1203 4576 είς
1225 4486 1293 4568 dd-
