2860 5016
7 3782 13 3844 Ι
112 3836 131 3983 ,Ι
169 3884 291 3975 pantes
316 3880 429 3978 magis
456 3879 636 3978 expolitae
665 3885 700 3952 et
726 3880 888 3952 elimatae
915 3875 973 3951 edi
1007 3882 1164 3976 possent.
1225 3871 1299 3947 Fa-

435 1291 1003 1458 'pnnsunnnuo

171 1655 303 1788 stanno
324 1694 509 1774 Rostocbii
534 1669 645 1774 alacri
674 1701 788 1774 animo
817 1655 859 1772 eo
883 1698 1085 1790 tenderem,
1122 1705 1161 1771 ut
1188 1721 1289 1794 egre·

170 1833 250 1931 giao
290 1829 396 1908 Pauli
440 1838 484 1910 ad
525 1837 702 1914 Romanos
753 1837 925 1936 epistolae
964 1834 1289 1936 interpretationem

171 1967 322 2066 denique
363 1971 606 2067 absolverem,
666 1973 815 2048 Gissam·
860 1973 940 2046 indo
987 1977 1155 2044 evocatus
1201 1993 1289 2042 sum.

169 2099 270 2175 Novi
307 2106 462 2179 muneris
502 2110 678 2206 susceptio
718 2116 772 2181 tot
813 2133 882 2180 mex
896 2105 1093 2206 implicavit
1125 2103 1291 2200 negotiis,

169 2244 211 2312 ut
244 2233 469 2340 profligatum
504 2268 592 2346 opus
626 2245 841 2344 aliquamdiu
874 2243 959 2318 mibi
992 2240 1293 2336 intermittendum

172 2385 279 2450 esset.
352 2383 592 2458 Accesserant
635 2385 847 2459 domesticae
881 2380 1160 2471 sollicitudines,
1202 2402 1293 2478 quae

173 2515 322 2591 animum
355 2543 468 2594 meum
500 2521 544 2596 ad
577 2528 714 2622 tempus
743 2522 992 2621 infringerent·
1052 2516 1178 2616 ltaque
1211 2524 1291 2590 tan.-

175 2659 250 2727 tum
275 2657 444 2752 temporis
477 2657 515 2730 in
543 2658 661 2756 operis
685 2657 754 2738 mei
780 2652 1105 2731 exaedificationem
1131 2654 1293 2727 conferre

176 2797 251 2864 tum
275 2797 452 2891 poteram,
478 2802 645 2894 quantum
676 2819 698 2867 o
722 2794 866 2892 publico
893 2791 1007 2866 officio
1036 2798 1119 2863 ota
1151 2788 1294 2890 priuato
1376 2853 1380 2864 .

173 2927 297 3042 doloro
321 2931 485 3006 vacabat.
539 2930 614 3006 Sed
640 2958 745 3031 quum
772 2933 810 3006 et
833 2931 989 3004 muneris
1017 2927 1154 3026 publici
1182 2926 1292 2998 ratio-

162 3064 278 3139 nibus
305 3091 360 3139 me
387 3065 602 3141 satisfecisse
629 3076 664 3140 et
690 3067 921 3164 aegritudinis
956 3087 1096 3138 causam
1122 3062 1185 3167 vel
1209 3061 1295 3133 sub·

171 3201 279 3276 latam
305 3202 368 3275 vel
402 3211 498 3276 certe
531 3202 748 3308 imminutam
782 3227 860 3276 esse
892 3199 1081 3284 vidissem,
1123 3167 1295 3268 *omnem
1352 3239 1355 3254 ·

171 3335 210 3410 iu
243 3337 488 3437 persequenda
522 3344 557 3411 et
590 3335 807 3412 conicienda
841 3336 1011 3434 epistolae
1046 3334 1090 3408 ad
1117 3331 1296 3406 Romanos
1394 3379 1402 3388 „

174 3470 414 3568 explicatione
449 3473 695 3572 cogitationem
730 3481 765 3545 et
799 3497 918 3546 ennom
952 3495 1066 3545 meam
1100 3467 1296 3566 ponendam

172 3614 251 3682 esso
277 3583 491 3682 enistimavi.
515 3627 520 3638 ’
544 3605 649 3681 Hunc
676 3631 763 3681 vero
792 3633 837 3680 eu
860 3607 1072 3705 interposita
1098 3612 1197 3678 mora
1218 3603 1296 3678 fru-

164 3738 264 3843 ctum
289 3744 493 3842 percepisse
519 3744 605 3818 mibi
633 3743 769 3829 uideor,
797 3750 838 3814 ut
864 3743 1053 3816 nonnullae
1080 3740 1184 3840 hujus
1209 3738 1294 3812 libri
1393 3787 1397 3795 ·

170 4013 227 4087 xit
251 4011 349 4090 Deus
373 4012 421 4091 0.
449 4015 526 4109 Μ.,
565 4039 668 4114 quem
689 4013 748 4112 pie
775 4037 949 4104 veneror,
992 4013 1086 4110 qnod
1112 4011 1157 4084 iis
1179 4009 1294 4104 annis,

172 4149 300 4246 quibus
335 4152 444 4244 otium
475 4173 590 4225 meum
622 4151 660 4224 in
686 4147 945 4225 conscribendo
985 4148 1051 4221 boc
1087 4148 1181 4221 libro
1215 4170 1300 4219 con·

171 4287 326 4384 sumpsi,
361 4286 578 4361 ualetudinis
612 4287 886 4386 prosperitatem
919 4285 1073 4384 benigne
1107 4282 1197 4356 mihi
1226 4281 1300 4374 lor-

172 4419 268 4517 gitus
295 4428 372 4514 est,
405 4431 445 4498 ut
466 4405 600 4520 opera,
637 4447 740 4520 quam
771 4422 1007 4520 gravissimae
1033 4417 1139 4518 Pauli
1166 4407 1320 4517 episto'

214 4560 365 4619 Fritmhe
387 4563 439 4638 Ep.
458 4563 493 4620 nd
510 4543 594 4621 uon.
629 4565 661 4620 P.
679 4567 730 4622 111.
983 4548 1007 4594 ἦ
1143 4631 1147 4637 .
1173 4547 1175 4552 ¹
