2806 5014
2 515 5 532 ¹
105 561 109 579 ¹
194 535 287 624 gruit
301 535 464 691 (obrupto

194 383 244 453 es·
388 376 1117 488 nrrsronsnnnounnns
1235 444 1243 496 2
1316 465 1318 472 ¹

467 540 539 634 td),
566 524 602 604 ut
614 537 680 627 qua
696 531 739 605 Ρ.
753 535 879 605 bausit.
922 533 1045 624 ltaque
1064 556 1138 602 eom
1161 535 1307 626 recepis-

343 611 356 626 10

325 625 336 640 ,
451 611 465 632 ἲ

74 646 76 652 ’
195 645 284 707 sem,
306 645 338 690 ει
350 645 401 706 me
417 626 471 693 ius
486 629 611 692 testata
626 627 729 691 esset.

281 793 329 861 V.
341 795 396 862 20.
440 791 623 882 Postquam
639 791 681 860 Ρ.
695 790 865 860 Romanos
880 796 986 857 semet
1002 790 1097 881 ipsos
1115 787 1232 856 ulcisci
1254 809 1309 854 ve-

100 931 102 936 ·
155 893 158 900 '
196 877 266 946 tuit
286 898 411 982 eosque
434 889 472 946 nt
490 881 561 946 Deo
581 878 760 946 vindictam
783 877 1014 967 permitterent
1037 877 1235 942 adhortatus
1257 879 1310 938 est

26 965 31 984 ⁴
157 1021 162 1030 ,
197 965 324 1050 (v.19.)
338 966 546 1033 inrmioorum
563 964 706 1054 injurias
722 961 891 1030 beneficiis
906 961 1131 1052 repensandae
1145 982 1221 1026 esse
1238 981 1309 1024 mo·

49 1479 56 1502 ²
108 1517 113 1530 ⁴
198 1493 383 1580 metipsos
411 1492 547 1578 noisoi,
581 1490 640 1557 sed
662 1492 738 1557 Deo
766 1492 818 1558 vin

196 1058 255 1114 net
282 1051 329 1138 (v.
359 1051 461 1138 20.)ae
493 1051 581 1117 Nam
611 1049 817 1132 benignitate
844 1056 1042 1115 vexatorum
1069 1049 1153 1112 iram
1180 1043 1311 1135 placeri

113 1146 123 1164 ⁸
186 1133 245 1221 ·(ν“.
257 1135 310 1200 20.
326 1133 428 1202 τοῦτο
442 1135 506 1223 γὰρ
521 1137 631 1201 ποιεῖν
646 1135 749 1210 aab).
787 1134 900 1200 Versu
914 1135 970 1200 20.
983 1137 1054 1221 Ap.
1076 1132 1164 1198 sacri
1185 1130 1311 1196 codicis

197 1221 299 1294 verba
316 1219 432 1304 (Prov.
446 1221 500 1303 25,
508 1222 564 1289 21.
578 1223 634 1290 22.
646 1219 775 1306 LXX.)
789 1219 823 1285 in
836 1241 905 1284 rem
921 1240 1017 1284 suam
1033 1219 1209 1284 convertit.
1253 1213 1311 1282 ἐὰν

200 1304 287 1385 οὖν
312 1322 414 1414 πεινᾷ
439 1313 457 1390 ὅ
478 1319 603 1408 ἐχθρός
624 1325 699 1406 σου]
729 1324 857 1422 Aptam
880 1342 960 1386 sanc
982 1321 1180 1386 sententiam
1200 1313 1312 1382 fundit

198 1407 317 1476 vocula
331 1401 390 1475 οὖν
396 1454 408 1486 ,
432 1429 517 1557 puae
531 1407 704 1492 vulgatur:
725 1405 828 1492 igetur
823 1405 909 1556 &oltra
913 1428 951 1556 ¹1el.
967 1422 1311 1578 pppppiptpsppopepppt

197 1581 246 1730 pp.
262 1580 342 1662 lu).
390 1575 620 1644 Nihilominus
635 1574 777 1642 Paulum
790 1574 847 1642 ido
864 1577 963 1664 πεινᾷ
980 1569 998 1642 o‘
1019 1572 1143 1659 ἐχθρός
1163 1594 1225 1640 ooo
1246 1571 1310 1659 (ita

237 1663 271 1734 ἑ*
291 1663 334 1732 F.
355 1663 398 1731 G.
413 1662 469 1732 80.
485 1662 600 1732 Germ.
615 1661 740 1730 Boern.
760 1660 822 1745 al.)
845 1660 1023 1765 scripsisse
1045 1660 1203 1726 existimo
1226 1656 1311 1724 duas

199 1747 243 1813 ob
259 1769 390 1818 causas.
418 1747 551 1814 Dooeut
562 1748 650 1814 euim
664 1749 833 1814 variantes
846 1747 1028 1831 leotrones,
1041 1745 1310 1829 librariosasyn·

139 1881 144 1890 -
197 1831 276 1900 deto
291 1833 435 1900 offensos
451 1833 538 1900 alios
551 1835 652 1899 aliam
667 1832 817 1920 copulam
832 1831 1021 1914 addidisse,
1049 1839 1087 1896 ut
1110 1837 1201 1896 recte
1216 1827 1310 1918 judi-

197 1917 434 1986 oa'vitMillius
446 1915 585 2002 Proleg.
601 1920 634 2002 §.
651 1919 759 1986 1287..
794 1915 834 1980 Ἀ
840 1915 916 1982 ild
936 1913 994 1981 doio
1006 1916 1108 2004 πεινᾷ
1121 1916 1191 1980 κτλ.
1210 1930 1311 2003 prae-
1398 1989 1399 1994 γ

197 2001 280 2069 bont
294 2007 345 2074 A.
359 2005 401 2072 B.
417 2005 521 2090 Vulg.
537 2003 629 2073 clar.
642 2002 723 2072 Rui.
738 2004 804 2078 el..
825 2002 914 2090 quod
924 2001 1158 2069 Locbmonms
1169 1998 1310 2086 recepit,

196 2085 306 2154 atta
326 2090 395 2155 καὶ
414 2087 472 2154 ἐὰν
488 2090 589 2192 πεινᾷ
609 2113 638 2153 κ.
661 2113 689 2154 τ.
711 2083 739 2154 ἑ.
760 2088 865 2152 babet·
881 2085 1061 2169 Pelagius,
1088 2083 1147 2152 tor
1165 2083 1210 2150 dd
1226 2105 1310 2149 πει-

74 2199 81 2206 ·
196 2172 328 2262 νᾷνπλ.
372 2171 480 2259 Syrus
492 2175 577 2262 plul.
594 2181 629 2238 et
650 2171 708 2239 ide
727 2170 804 2258 γὰρ
826 2173 929 2260 πεινᾷ
948 2172 1131 2258 Didymus.
1168 2167 1310 2234 Ἀλλάε

147 2322 151 2332 ,
196 2257 410 2325 Lacaenam
431 2279 528 2326 susos
552 2264 622 2323 tnm
644 2257 731 2324 illud
751 2264 820 2339 est,
854 2256 943 2343 quod
964 2257 1000 2321 in
1021 2255 1310 2322 exhortationibus

196 2341 278 2432 poni
299 2348 433 2408 oonstut
453 2346 499 2430 (.
554 2343 700 2428 onunpii
720 2345 805 2422 deboc
827 2357 885 2410 ocu
903 2347 956 2410 beu
978 2341 1079 2426 gtittl).
1095 2341 1248 2420 marilleio
1266 2342 1310 2420 ll,
1348 2413 1351 2422 y
1398 2353 1399 2366 ¹

222 2425 293 2493 .3s.
310 2429 397 2516 sq.),
419 2449 460 2494 ne
508 2426 753 2516 eproeesdenti
772 2421 858 2491 ἀλλὰ
879 2427 1061 2514 respondet
1081 2435 1128 2506 (v.
1145 2426 1195 2490 19.
1222 2423 1311 2490 ἀλλὰ

195 2448 275 2578 Ξόιν
288 2506 395 2578 τόπον
407 2514 448 2604 τῇ
481 2515 577 2614 ργῇ),
600 2520 638 2577 ut
649 2512 908 2602 postulationem
922 2511 1100 2577 interdicto
1122 2514 1171 2597 (u.
1186 2511 1239 2578 19.
1255 2503 1311 2612 ue}

194 2589 338 2673 ioovobc
359 2597 583 2678 ἕνδικοννιις)
605 2600 792 2702 oppositam
815 2596 915 2662 duoat
937 2601 985 2681 (v.
1006 2595 1175 2674 llueclc.).‘
1205 2592 1310 2662 Credi

193 2679 257 2747 boc
271 2688 406 2771 posset,
427 2683 457 2748 si
473 2682 512 2751 P.
526 2681 659 2750 Pluralr
674 2705 756 2748 usus
771 2690 930 2759 essenos
977 2672 1118 2758 ioosodc
1133 2679 1310 2749 ἒκόινοῦν-
1398 2731 1400 2764 r

193 2787 267 2844 τις,
290 2763 519 2844 silid'ddre
539 2760 647 2836 ιόπον
662 2767 704 2858 τῇ
722 2766 820 2863 ὄργι’,
843 2763 927 2831 ἀλλ’
961 2763 1001 2831 ἂν
1021 2766 1123 2853 πεινᾷ
1144 2757 1164 2832 o‘
1184 2761 1310 2848 ἐχθρὸς
1398 2767 1400 2778 ’

193 2841 306 2932 niueis,
333 2850 557 2937 ψωμίζειε
576 2850 677 2918 αὐτὸν
691 2892 743 2918 -.
784 2793 964 2932 2ιεειινειι
979 2853 1179 2938 Asyndeton
1200 2850 1234 2914 in
1255 2850 1309 2916 lo·

193 2955 375 3088 capprhqup
389 2939 531 3088 plbropte
544 2935 584 3089 f.
603 2937 886 3090 poeniturpobene
908 2935 1061 3088 puadratt.
1099 2933 1309 3085 gtiapppetppr-

192 3072 355 3209 librarios
367 3045 547 3176 lnolellnlrl
561 3045 679 3178 loelli
699 3047 777 3186 blo,
806 3043 1171 3198 ,qpponpplpsofflnsps
1192 3041 1309 3186 ruodep

192 3199 323 3280 partlm
332 3194 552 3281 expunxisse,
576 3195 701 3284 partim
717 3193 784 3259 alia
802 3194 921 3281 copulai
943 3194 976 3258 in
1001 3192 1076 3282 ejus
1095 3192 1202 3256 locum
1226 3190 1307 3255 sub·

191 3275 313 3342 scituro
329 3286 474 3342 mutasse
490 3300 509 3343 o
535 3279 649 3344 inatus
659 3287 725 3347 est.
760 3277 945 3350 Deformis
961 3279 1063 3366 πεινᾷ
1075 3284 1110 3341 et
1122 3276 1212 3364 διψᾷ
1226 3296 1307 3340 oon-

192 3361 268 3426 snle
281 3359 474 3428 bodeclium
489 3301 533 3428 ag
549 3363 672 3450 Pbryn.
687 3385 719 3453 p.
733 3365 787 3431 61.
802 3371 838 3430 et
857 3363 978 3430 uenero·
990 3383 1039 3446 gr.
1055 3385 1089 3450 p.
1106 3362 1171 3428 73..
1200 3358 1307 3453 Prae·

192 3451 290 3532 cepto
304 3448 498 3513 uomentem
513 3449 676 3516 inimicam
693 3449 781 3535 cibo,
810 3449 972 3516 sitientem
992 3454 1070 3531 poto
1088 3467 1201 3512 recreo
1223 3447 1307 3512 haec

191 3533 363 3613 generalis
376 3532 542 3598 sententie
556 3530 768 3603 illustratur:
789 3536 824 3600 in
837 3533 1005 3599 inimicum
1019 3533 1073 3597 ino
1099 3531 1131 3596 ia
1149 3531 1306 3596 laboran-

190 3623 259 3681 tem
282 3617 530 3685 estoliberalis
553 3628 587 3686 et
612 3621 777 3686 beneficus
797 3619 934 3705 (Mattb.
956 3554 1099 3702 2⁶,352l
1150 3615 1306 3701 Quonam

18 3695 20 3702 ’
88 3741 91 3764 .
190 3702 332 3768 consilio
348 3701 382 3768 id
396 3703 582 3772 faciendum
598 3705 644 3771 sit
660 3703 785 3772 Paulus
806 3706 914 3771 saeris
935 3701 1047 3769 verbis
1069 3703 1228 3789 exprimit
1248 3724 1306 3768 eo·

190 3785 265 3852 dem
288 3810 390 3854 sensu
412 3792 550 3867 sumtis,
574 3813 639 3880 quo
657 3790 753 3858 Prov.
767 3791 884 3872 25,22.
906 3789 996 3874 (vide
1018 3785 1064 3852 ibi
1080 3788 1248 3854 llwoldum
1270 3793 1307 3853 et

189 3871 400 3953 Maecena)
412 3875 587 3958 leguntur:
608 3899 686 3944 nam
705 3876 867 3960 deraefieiis
887 3876 953 3941 tuis
972 3896 1099 3960 prunos
1120 3874 1154 3938 in
1179 3873 1305 3940 inimici

189 3965 289 4040 caput
301 3961 506 4026 murmontis
522 3961 555 4030 b.
570 3984 598 4026 e.
615 3982 690 4028 nam
704 3963 764 4028 tusi
780 3961 984 4047 benignitate
1003 3959 1222 4045 gravissimos
1242 3956 1304 4024 do·

102 4099 104 4109 ,
188 4040 281 4142 lores
294 4042 427 4108 inimico
440 4047 679 4129 commovebis,
698 4069 815 4136 nempe
828 4069 869 4113 ex
883 4044 1086 4137 poenitentia
1101 4043 1304 4132 injuriarum
1343 4119 1345 4126 ¹

188 4125 253 4188 trbi
276 4127 483 4195 inflictarum.
533 4132 614 4197 Feri
636 4134 723 4202 enirn
746 4144 781 4198 et
802 4133 963 4198 immanes
991 4132 1059 4198 sint
1080 4138 1216 4195 neeesse
1237 4138 1304 4212 est,

190 4231 274 4296 quos
288 4234 352 4276 non
369 4216 537 4302 poeniteat
551 4239 609 4284 eos
625 4219 785 4300 laesisse,
814 4219 872 4306 qui
888 4218 1030 4306 injurias
1051 4215 1223 4281 beneficiis
1247 4234 1302 4280 re·

189 4298 366 4380 penderint
382 4310 415 4364 et
429 4323 568 4388 quorum
591 4304 641 4368 ira
665 4305 869 4390 benignitate
890 4304 1000 4388 frangi
1022 4309 1175 4389 nequeat.
1218 4299 1301 4366 Non

190 4391 382 4468 spectantur
399 4385 433 4453 b.
442 4387 464 4452 l.
478 4387 546 4478 ipsi
562 4386 697 4457 dolores
710 4391 828 4481 (impie
841 4385 927 4456 enini
941 4399 975 4455 et
988 4389 1299 4476 inhnmaneagcret,
