2776 5018
541 1081 654 1152 1ου.
679 1072 764 1151 xv'.

385 1274 388 1282 ·
444 1198 939 1304 inconcinnum·
1012 1273 1017 1282 .
1172 1279 1174 1290 .

95 1417 100 1437 '
159 1448 161 1454 ·
193 1421 195 1428 ¹
210 1427 330 1500 Oportet
344 1439 436 1484 autem
449 1449 501 1484 nos
514 1429 611 1485 sirmas
624 1449 720 1501 pravas
735 1428 914 1482 infirmorum
921 1425 1072 1498 opiniones
1085 1428 1157 1482 ferre
1173 1447 1220 1482 ne·

106 1517 159 1568 que
171 1501 258 1552 nobis
273 1499 339 1569 ipsis
354 1499 460 1568 plaeere
475 1505 513 1567 (v.
528 1501 570 1570 1.).
609 1499 735 1570 Quisque
750 1496 877 1552 nostrdrn
895 1496 976 1551 alteri
990 1498 1098 1567 placere
1112 1498 1222 1562 studeat

105 1568 182 1638 quod
206 1569 240 1622 ad
264 1567 409 1631 honestum
434 1572 549 1636 attinet,
572 1581 603 1624 ut
627 1571 740 1625 atterius
759 1569 838 1629 ,salus
856 1576 987 1638 augeatur
1006 1569 1048 1666 Sc.
1066 1569 1115 1636 2.).
1153 1567 1222 1640 Nam

41 1698 43 1709 .
105 1637 231 1690 Christus
245 1627 356 1708 quoqie
370 1646 428 1691 non
446 1641 496 1694 sibi
511 1639 562 1710 ipsi
576 1637 688 1708 placuit,
712 1637 758 1692 sed
778 1632 826 1713 [ita
840 1633 981 1711 alDavide
998 1631 1044 1691 Is·
1056 1637 1098 1700 69,
1115 1640 1156 1694 10.
1174 1634 1222 1694 lo-

105 1703 192 1780 queiis
209 1707 360 1781 inducitur)
373 1711 528 1763 maledicto
542 1729 643 1762 earum
655 1703 815 1774 hammum,
833 1705 881 1773 riui
893 1703 957 1776 titt,
975 1702 1112 1776 miDeua,
1130 1709 1223 1760 r'naIe-
1258 1712 1259 1717 ’

104 1779 217 1836 dieunt,
244 1793 291 1828 me
309 1777 464 1832 obruerunt
484 1785 519 1844 (v.
539 1779 586 1848 3.).
628 1777 689 1832 Hoc
707 1777 789 1830 sacris
806 1775 844 1829 'V.
866 1774 917 1842 Τ..
943 1791 1024 1844 quiam
1048 1777 1115 1829 meis
1133 1779 1222 1831 verbis

105 1847 198 1901 dicere
221 1844 316 1902 maluit
358 1847 427 1899 Nam
454 1865 639 1920 quaecunque.
662 1848 728 1900 olim
756 1847 786 1898 in
804 1843 889 1898 sacris
906 1849 945 1900 V.
963 1845 997 1897 Τ.
1017 1842 1094 1898 libris
1118 1847 1221 1916 scripta

104 1927 185 1982 sunt,
207 1925 237 1968 ut
251 1933 302 1966 nos
311 1915 491 1973 erudiremur
509 1917 546 1972 ibi
566 1916 698 1974 divinitus
723 1934 756 1971 co
779 1913 882 1996 signata
901 1923 982 1981 sunt,
1000 1930 1101 1984 nempe
1122 1924 1153 1968 ut
1190 1933 1222 1970 er
1246 1921 1250 1932 '

105 1982 338 2050 constantiam'in
363 1985 532 2055 perferendis
552 1987 646 2053 malis,
673 1987 729 2056 qui
752 1980 814 2048 liri
835 2006 856 2038 s.
876 1981 984 2036 animos
1003 1994 1113 2037 nostros
1132 1934 1189 2038 roi
1205 2017 1222 2032 -

7 2112 10 2126 1
105 2061 185 2118 rant,
210 2062 237 2106 et
255 2071 304 2121 per
322 2053 557 2122 consolationem,
582 2075 665 2124 quam
685 2053 765 2105 nobis
789 2053 818 2104 in
837 2050 1044 2106 calamitatibus
1059 2051 1222 2108 exhaurien-

106 2120 148 2174 dis
167 2139 244 2174 sacer
263 2121 349 2176 codes
367 2121 493 2192 adhibet,
512 2125 605 2178 beatae
618 2125 690 2180 vitae
708 2141 756 2194 spe
775 2139 851 2174 nunc
863 2125 1121 2192 teneamurt'v.4.).
1145 2119 1222 2178 Dens

105 2199 216 2262 autern,
233 2192 280 2260 qni
300 2194 480 2256 coutuntiam
500 2203 527 2248 et
546 2193 765 2246 consolationem
787 2191 868 2244 nobis
885 2209 937 2262 per
956 2191 992 2250 V.
1007 2191 1042 2246 T.
1060 2193 1147 2246 libros
1162 2189 1222 2246 lar-

104 2259 196 2328 gitur,
215 2260 261 2312 det
278 2261 355 2321 nabis
373 2271 514 2329 mutuam,
540 2261 593 2332 qui
611 2260 753 2328 indigetis,
778 2262 956 2316 concordiam
976 2261 1010 2312 de
1030 2260 1141 2314 Christi
1155 2281 1222 2318 sen·

104 2328 207 2402 tentiis,
228 2337 258 2394 ut
276 2330 305 2382 in
323 2330 480 2384 animorum
500 2331 685 2386 consensione
703 2347 760 2380 uno
780 2349 827 2386 ore
845 2329 938 2382 Deum
957 2318 1116 2406 celebretis,
1141 2335 1223 2386 salu·

104 2397 140 2448 tis
155 2415 211 2462 per
228 2395 413 2452 'Christum
435 2411 540 2466 partae
557 2409 703 2453 auctorem
726 2396 763 2465 (i.
783 2399 799 2450 5
818 2409 843 2450 et
863 2400 912 2467 6.).
954 2397 995 2452 Ut
1012 2395 1098 2468 igitur
1115 2402 1143 2453 in
1164 2405 1223 2454 ani·

103 2485 214 2520 morum
234 2475 371 2521 consensu
389 2485 446 2522 uno
472 2489 521 2522 ore
541 2471 647 2523 avobis
665 2469 746 2522 Deus
764 2467 912 2528 laudetur,
936 2485 987 2522 vos
1008 2467 1043 2520 'in
1072 2469 1221 2524 amicitiam

5 2581 6 2586 ,
102 2535 218 2608 recipite
241 2536 363 2600 insicm,
387 2539 620 2609 quemadmodum
647 2538 729 2591 etiarn
751 2537 874 2590 Christus
894 2555 945 2592 vos
965 2537 1017 2590 sibi
1036 2537 1165 2607 sociavit,
1183 2551 1224 2594 ‚ut

5 2609 7 2658 l
90 2605 168 2678 'Deo
186 2609 290 2660 laude-s
307 2619 415 2678 pareret
432 2611 468 2678 (v.
482 2609 530 2677 7.).
576 2607 637 2664 ttoe
655 2617 747 2661 autern
767 2605 831 2658 mibi
851 2605 935 2661 volo:
960 2605 1099 2660 Christum
1118 2607 1248 2664 dudae-¹

37 2682 38 2691 ¹
105 2693 186 2728 orum
203 2676 364 2747 ,adjutorem
384 2677 511 2731 exstitisse
531 2679 585 2731 Dei
608 2679 791 2731 veracitatem
814 2677 844 2746 in
865 2677 927 2742 luce
945 2676 1167 2747 collocaturum,
1193 2691 1223 2734 ut

104 2763 204 2816 nempe
222 2747 304 2799 rebus
323 2744 471 2799 'affirmaret
489 2746 623 2817 promissa
640 2745 800 2818 patriarchis
819 2745 898 2812 data,
921 2762 1044 2816 paganos
1069 2754 1158 2800 autem
1179 2749 1222 2817 (in

104 2815 156 2866 Dei
176 2813 321 2868 amicitiam
341 2832 391 2886 per
410 2813 550 2870 Christum
570 2815 725 2884 receptos).
744 2832 796 2883 pro
815 2815 1010 2870 benevolentia
1027 2815 1057 2864 in
1074 2831 1106 2866 se
1118 2817 1223 2868 callatd

44 2925 46 2932 ,
104 2883 194 2936 Deum
215 2887 337 2936 laudare
358 2895 398 2952 (v.
411 2887 437 2940 8.
456 2895 483 2940 et
501 2887 566 2953 9.).,
591 2885 666 2955 quod
685 2902 733 2936 eos
750 2882 875 2935 facturos
897 2903 955 2936 esse
973 2881 1008 2937 V.
1030 2885 1063 2935 Τ.
1082 2895 1157 2938 vates
1176 2885 1222 2938 iu·

104 2953 206 3007 stinctu
225 2952 373 3025 afflatuque
392 2955 484 3008 divino
503 2957 547 3012 Ps.
570 2956 612 3022 18,
630 2953 673 3008 50.
697 2953 781 3004 Deut.
799 2951 844 3011 32,
861 2951 906 3006 48.
932 2959 976 3008 Pe.
999 2952 1059 3024 117,
1080 2953 1104 3009 l.
1122 2965 1149 3006 et
1166 2955 1222 3008 des.

5 3025 10 3046 '
105 3019 208 3087 11,1‘0.
227 3025 455 3094 praenuntiarunt
475 3027 510 3090 (v.
530 3025 663 3089 9-12).
703 3021 738 3075 Et
755 3019 857 3091 Jeaajas
878 3021 989 3090 quidem
1014 3022 1033 3074 l.
1053 3040 1078 3076 c.
1096 3019 1138 3074 his
1157 3044 1221 3076 ver-

105 3093 146 3145 bis
165 3110 230 3160 usus
251 3103 306 3144 est:
325 3106 383 3146 nan
398 3095 515 3162 frustra
536 3093 745 3159 exspectabitur
764 3089 881 3144 Jessaer'
896 3095 1002 3143 subules
1023 3089 1151 3157 (Messias
1169 3094 1222 3144 Ju-

105 3163 178 3215 daeis
196 3160 358 3232 promissus}
380 3173 408 3216 et
425 3163 465 3232 is,
491 3165 541 3232 qui
558 3163 699 3228 exsurgit,
719 3169 750 3213 ut
764 3170 862 3226 regnet
874 3161 907 3212 in
924 3163 1061 3226 gentiles:
1078 3163 1107 3213 in
1122 3178 1155 3212 ea
1176 3166 1221 3227 (en

105 3233 158 3283 Dei
183 3231 393 3300 benignitatem)
419 3237 536 3298 gentiles
557 3249 654 3297 spem
674 3240 811 3294 reponent
836 3234 876 3292 (v.
900 3229 965 3298 12).
1017 3228 1093 3282 Deus
1120 3240 1223 3294 autem,

104 3299 167 3365 spei
179 3299 275 3362 dator,
299 3301 412 3374 impleat
432 3321 479 3358 vos
500 3303 576 3354 amni
596 3297 736 3354 hilaritate
755 3309 783 3350 et
796 3293 963 3366 concordii,
984 3297 1049 3350 dum
1069 3297 1151 3351 fidem
1171 3301 1221 3352 ha-

105 3369 207 3434 beatis,
229 3379 259 3424 ut
276 3373 477 3426 abundetis
495 3371 688 3441 (serrrpiternae
703 3366 785 3436 vitae)
802 3385 850 3432 spe
869 3383 918 3436 per
935 3368 990 3423 vim
1004 3367 1091 3422 divini
1109 3367 1222 3444 spiritus

11 3481 14 3487 .
105 3439 142 3505 (v'.
162 3440 229 3508 tn).
263 3439 431 3496 Persuasum
446 3453 486 3496 est
501 3451 609 3504 autem,
627 3438 724 3490 iratres
739 3438 809 3504 mei,
829 3447 856 3490 et
870 3437 920 3504 ipsi
933 3437 1073 3510 mihiiqui
1088 3447 1143 3490 tam
1161 3459 1219 3510 gra·

6 3539 14 3574 ιΧ
104 3509 174 3562 viter
186 3529 237 3564 vos
250 3507 411 3578 admonui),
432 3531 479 3564 vos
491 3521 518 3563 et
531 3510 606 3579 ipsos
626 3505 702 3570 (licet
723 3525 794 3558 ame
811 3525 868 3558 non
888 3507 1057 3572 admonitos)
1080 3507 1221 3562 abundare

104 3577 226 3634 bonitate
239 3582 370 3651 omnique
385 3597 477 3633 rerum
489 3579 543 3634 dis.
556 3572 669 3631 scientii
681 3575 835 3630 instructos
851 3593 926 3641 esse,
944 3577 990 3648 qui
1010 3577 1118 3646 possitis
1137 3575 1221 3631 etiam

105 3667 152 3701 ros
164 3646 285 3706 invicem
301 3669 498 3711 commonere,
517 3660 545 3702 ut
559 3666 604 3699 mc
619 3649 759 3700 hortatore
780 3663 837 3698 uon
858 3645 957 3714 egeatis
974 3645 1009 3710 (r.
1026 3647 1093 3707 14.).
1131 3647 1222 3700 Auda-

104 3717 163 3772 cius
184 3731 274 3773 sutem
298 3723 392 3789 (quam
415 3737 466 3790 pro
492 3713 600 3771 summi
622 3719 711 3769 vestra
731 3715 853 3768 bonitate
874 3711 1052 3784 perfectique
1076 3711 1219 3783 sapientii)

105 3787 203 3857 scripsi
217 3789 308 3854 vobis,
329 3790 440 3846 iratres.
459 3790 576 3858 passim,
601 3795 630 3839 ut
646 3801 747 3837 rursus
765 3787 843 3836 nabis
861 3785 890 3834 in
907 3786 1119 3836 memoriam
1137 3801 1221 3836 reuo-

106 3875 175 3910 cans
194 3868 306 3928 propter
325 3857 450 3926 Apostoli
474 3856 634 3911 facultatem
658 3850 876 3922 et'provineiarn
901 3851 1007 3906 idcirco
1030 3853 1096 3906 inibi
1124 3855 1221 3906 aDeo

104 3925 224 3998 benigne
238 3931 345 3988 datam,
365 3935 396 3978 ut
408 3931 543 3978 sacerdos
557 3924 662 3976 Christi
682 3939 785 3982 essem,
805 3923 878 3986 quod
892 3921 924 3972 ad
940 3941 1058 3993 paganos
1082 3923 1157 4002 (Deo
1173 3943 1220 3994 per

106 4015 150 4048 me
170 3997 385 4055 consecrandos)
404 3995 515 4062 attinet,
541 3992 589 4064 qni
609 3993 760 4045 sacerdotis
780 3993 864 4046 modo
883 3992 939 4044 Dei
965 3990 1130 4044 doctrinam¹
1148 4004 1221 4046 inter
1312 4049 1314 4056 Δ

106 4067 220 4134 gentiles
239 4067 469 4134 administrarem,
493 4074 523 4117 ut
541 4065 653 4128 gentiles
676 4071 737 4130 iper
755 4063 853 4126 fidem,
879 4077 961 4129 quam
984 4059 1093 4116 Christo
1111 4061 1221 4116 babuis-

107 4139 177 4202 sent)
200 4148 329 4206 tanquam
350 4135 516 4190 sacrificium
535 4131 590 4186 Dei
613 4151 674 4185 arae
694 4133 801 4184 admoti
820 4129 883 4184 Deo
906 4131 1009 4199 accepti
1032 4142 1135 4194 essent,
1159 4127 1221 4184 mei

104 4215 206 4272 nempe
225 4207 356 4275 evangelii
380 4203 615 4256 administratione
634 4219 683 4272 per
703 4203 827 4270 spiritum
850 4221 870 4253 s.
892 4199 1045 4253 consecrati
1067 4211 1093 4252 et
1120 4199 1219 4270 optimi

109 4273 255 4326 Christiani
275 4274 373 4327 redditi
391 4281 427 4336 (v.
442 4276 482 4328 15.
498 4283 524 4324 et
540 4273 602 4335 tfi.).
644 4269 722 4322 Licet
740 4271 822 4340 igitur
840 4269 916 4338 mihi·
928 4269 1040 4340 gloriari
1061 4280 1094 4322 ut
1115 4271 1224 4322 Christi
1262 4314 1266 4320 .

108 4347 249 4397 sacerdoti
260 4349 290 4395 in
305 4345 459 4396 sacerdotii
469 4345 528 4394 mei
538 4341 785 4400 administratione
798 4341 835 4406 (v.
858 4343 919 4407 tt).
956 4337 1019 4392 Non
1040 4338 1115 4390 enim
1136 4339 1236 4392 susti-s

109 4414 182 4465 nebo
193 4414 296 4481 aliquid
311 4413 594 4482 praedicamentum,
613 4427 683 4492 quae
703 4427 762 4462 non
776 4408 892 4476 perfecit
911 4409 1037 4462 Ctnrstue
1051 4427 1107 4476 per
1123 4425 1170 4462 rac
1184 4418 1220 4465 ,υι

110 4484 270 4550 gestitesei
275 4485 435 4544 obedientes
445 4486 594 4539 redderem
609 4488 638 4548 tr.
648 4499 674 4550 q.
687 4489 717 4534 ut
731 4477 846 4550 gentiles
859 4480 926 4533 Deo.
935 4478 1219 4572 offerrpmsacerdqt)
