2776 5018
10 425 47 466 2
95 355 97 360 '
202 385 266 496 rae
393 379 684 476 rr1sronju
717 385 799 456 an
839 322 1125 483 nouauos'

203 511 292 610 rom
311 565 372 610 oso
394 509 559 609 versatum
580 562 673 626 esse,
701 545 761 607 ant
781 527 890 607 omnia
911 541 1098 631 prmuiseue
1118 539 1238 609 edendi
1258 542 1311 608 bi·
1335 549 1343 556 “

203 629 368 710 bendiqon
383 628 572 694 libertatem
587 631 621 693 io
641 651 678 694 se
700 627 913 709 continuisse.
957 626 996 694 Si
1013 628 1188 694 lentiorem
1211 629 1310 713 vulgo

203 722 369 804 receptam
383 710 482 795 (duni
490 738 507 779 ν
519 712 558 782 τὸ
574 708 720 798 ἀγαθόν)
736 713 972 780 retinuerimus
981 709 1105 780 Paulus
1118 711 1230 795 firmor
1241 711 1312 780 Ro·

81 798 84 808 '
204 819 319 865 manos
336 800 530 885 alloquitur.
573 799 648 881 Hos
663 801 750 865 enim
763 818 823 900 per
838 806 942 864 toturn
959 799 1044 864 buno
1057 800 1164 864 loenm
1179 801 1244 883 (νε.
1256 800 1310 868 13.

202 919 243 938 ··-
252 885 330 968 22.)
345 906 386 949 ue
397 885 432 948 in
446 883 958 952 imbecillorumtlbristianorum
976 881 1209 951 detrimentum
1222 885 1312 948 ebri-

91 1046 96 1050 ,
203 969 315 1034 stiunt
336 970 493 1036 libertate
521 969 701 1036 abutantur
729 989 858 1034 morere
887 969 1011 1036 studet.
1063 959 1218 1052 Meum,
1251 970 1311 1057 qni

205 1053 346 1120 Paulum
362 1055 542 1119 orationem
555 1055 591 1120 in
611 1076 725 1123 omues
744 1055 876 1121 omniuo
889 1054 1058 1122 lioruanns
1078 1063 1272 1120 convertero
1292 1073 1312 1120 e

205 1137 337 1207 Plurali
360 1137 394 1220 (d
401 1138 487 1220 μῶν
508 1139 547 1204 τὸ
568 1135 712 1222 ἀγαθόν)
728 1139 882 1224 cognosti
894 1139 997 1220 dixit,
1025 1139 1160 1220 ebloni,
1188 1138 1311 1227 inquo

100 1247 103 1264 ’
169 1249 172 1254 ·
205 1225 397 1314 Apostolus
415 1246 487 1290 num
506 1223 612 1308 firmis
633 1225 795 1292 Romanis
817 1225 889 1309 agit
910 1248 961 1294 νε.
981 1224 1179 1312 13.-22.,
1210 1246 1312 1308 argn-

87 1363 89 1370 .
204 1320 349 1376 mentum
364 1319 398 1376 et
413 1310 473 1374 boe
488 1308 682 1399 objeeenim,
704 1311 841 1377 linuisse
856 1308 980 1392 Panlo,
1009 1331 1109 1398 quum
1125 1308 1310 1376 orationem

60 1407 66 1414 ‘
204 1396 388 1463 variareta
412 1395 670 1482 singularibus.
691 1397 745 1464 15.
773 1398 817 1462 oi.
838 1418 888 1464 vs.
909 1397 964 1465 20.
983 1397 1054 1477 22.)
1075 1395 1119 1462 ad
1139 1397 1311 1463 Pluralem

203 1483 322 1552 νε.,16.
341 1489 592 1565 transgressum
617 1502 715 1549 versu
735 1484 788 1547 16.
809 1481 895 1547 idom
914 1483 1045 1554 latere,
1099 1478 1167 1547 uod
1188 1501 1235 1546 vs.
1257 1481 1311 1550 13.

202 1565 294 1652 feeit,
308 1565 366 1631 ubi
379 1567 490 1632 verbis
503 1563 589 1632 ἀλλὰ
602 1562 704 1633 cotto
716 1565 887 1651 andreae
898 1567 1026 1648 μᾶλλον
1038 1503 1107 1632 ael.
1116 1565 1229 1649 firmor
1241 1564 1311 1630 tto-

76 1687 79 1695 =
202 1646 550 1740 uunosonmpellavit'
592 1650 926 1719 lufirmorumautem
944 1651 1349 1731 Christianorummou,¹

201 1735 404 1806 iudaeorum
420 1746 520 1824 atque
540 1737 714 1820 gentilium
734 1738 883 1823 (Obrue,
905 1739 1013 1818 Grot,
1035 1735 1165 1822 aava,
1186 1735 1310 1817 Meye-

201 1843 259 1892 tun
274 1823 340 1906 alr)
354 1821 527 1889 maledieta
541 1823 681 1888 vitanda
696 1845 772 1888 esse
787 1819 827 1892 P.
849 1821 946 1890 dixit.
989 1821 1107 1886 Multis
1127 1841 1207 1887 sane
1226 1819 1310 1888 lonis

202 1929 336 1994 operam
365 1906 506 1972 dandam
527 1929 620 1990 esse,
637 1931 691 1977 ‚ne
713 1916 943 1988 sacrosanctae
964 1906 1232 1974 Christianorum
1253 1927 1309 1970 res

201 1991 291 2080 apud
304 1999 479 2058 extranens
493 1994 578 2058 male
593 1993 749 2072 audiant,
770 1993 936 2058 indicatur
949 1996 997 2076 (ν.
1014 1995 1032 2058 1
1047 1990 1139 2060 Tim.
1154 1991 1310 2073 b,l.Tit.

201 2079 275 2158 2‚5.
297 2078 319 2141 2
336 2074 429 2146 Petr.
444 2079 516 2158 2,2.
544 2079 586 2143 el.
600 2079 698 2147 Rom.
719 2079 845 2163 2,24.).
888 2077 956 2144 Sed
977 2085 1085 2144 nostro
1103 2078 1178 2143 loeo
1199 2084 1311 2142 extra-

200 2179 337 2229 neorum
352 2164 494 2229 convitia
509 2165 615 2230 Paulo
630 2165 805 2231 obversata
818 2185 892 2230 esss
906 2163 982 2228 bine
994 2169 1087 2228 tanto
1103 2163 1212 2228 miuus
1231 2181 1311 2234 eou-

96 2299 99 2303 .
201 2249 372 2337 sequitur,
401 2243 524 2335 quanto
547 2249 671 2314 eortius
693 2257 766 2330 est,
794 2249 981 2315 imbecillos
1002 2249 1172 2314 Romanos
1194 2247 1308 2336 inepto

199 2333 370 2398 libertatis
389 2333 593 2399 christianae
615 2357 678 2400 usu
699 2343 737 2399 ut
756 2355 842 2420 quae
862 2355 920 2399 res
944 2333 1155 2401 Christianos
1174 2339 1311 2397 ornaret

199 2439 270 2482 eam
285 2419 318 2483 in
335 2418 451 2482 vitium
465 2425 635 2484 verterent
647 2428 680 2483 et
694 2419 868 2484 maledieta
888 2419 924 2484 iu
936 2426 1016 2483 'eam
1037 2418 1227 2486 onnierrent
1247 2417 1310 2482 ad·

198 2503 275 2569 duni
300 2503 399 2568 laoile
427 2505 589 2590 potuisse.
638 2503 771 2570 Deinde
793 2505 890 2570 istam
912 2503 1099 2591 opinionem
1121 2504 1248 2568 frustra
1270 2524 1310 2568 ea

113 2645 116 2650 ,
197 2589 328 2654 munire
342 2590 490 2668 noueris,
507 2589 596 2675 quod
611 2591 682 2677 Ap.
698 2609 730 2658 v.
747 2590 800 2658 18.
813 2591 869 2654 καὶ
884 2585 1024 2672 δόκιμος
1035 2593 1125 2664 τοῖς
1140 2583 1310 2673 ἀνθρώ*

198 2673 1202 2834 tt⁶1<lttttttettttltttt‘ttat‘tttttm
1218 2673 1310 2823 tlt

128 2811 130 2816 ,
230 2808 239 2825 ο
276 2806 286 2828 ο
321 2805 331 2828 e
530 2827 532 2832 ,
1180 2806 1189 2839 2

94 2868 97 2874 ’
197 2852 307 2910 tamen
322 2845 523 2910 seutentiam
546 2867 593 2912 vs.
612 2846 664 2913 17.
687 2846 848 2928 pietate
869 2866 1003 2930 reanum
1023 2845 1219 2910 mensionum
1239 2863 1310 2927 po·

196 2927 341 2997 roriboe
356 2939 551 3014 argumento
572 2951 627 2996 νε.
643 2929 695 2999 18.
720 2929 940 2998 stabiliverit:
968 2931 1058 3019 pium
1080 2927 1310 2997 Christianum

27 3011 32 3021 ’
166 3050 169 3059 s
196 3014 321 3082 Deoet
339 3014 520 3081 bominibus
538 3009 707 3103 aeoeptum
729 3037 817 3082 esse.
870 3013 1024 3102 Denique
1043 3015 1222 3080 verendum
1240 3035 1309 3079 uon

195 3108 285 3177 erat,
309 3120 351 3163 ne
364 3099 486 3167 ludaei
498 3107 535 3166 et
549 3101 693 3186 gentiles
704 3100 969 3170 Christianorum
994 3099 1183 3166 libertatern
1204 3099 1331 3164 malo?

103 3230 112 3244 ·
194 3185 295 3252 dietis
308 3191 485 3272 propterea
507 3185 705 3266 obruerent,
726 3187 815 3288 quod
834 3186 1011 3254 nonnullos
1025 3183 1236 3252 Christianos
1255 3183 1308 3249 in·

194 3271 394 3358 temperanti
408 3270 578 3336 libertatis
594 3293 657 3337 usu
680 3277 716 3336 et
734 3293 769 3337 ru
790 3270 990 3336 maestitiam
1010 3267 1192 3359 eunjeei'sse
1212 3269 1307 3335 intir-

194 3377 266 3434 moe
280 3353 492 3421 christianos
508 3363 543 3421 et
556 3361 594 3421 ut
608 3355 696 3443 quod
710 3356 778 3444 ipsi
792 3357 886 3422 uelat
898 3377 973 3422 esso
987 3357 1198 3443 putavissent
1218 3355 1309 3418 laee-

192 3447 271 3506 rent
285 3439 438 3528 exemplo
452 3440 540 3540 quod
554 3442 751 3508 statuissent
764 3440 918 3508 iuduotns
930 3441 1130 3523 sempiterna
1144 3439 1309 3528 felicitate

105 3546 108 3552 ’
192 3527 340 3612 privasse
355 3523 563 3590 audivissent
581 3526 647 3613 (νε.
671 3526 748 3610 la).
791 3525 915 3594 Contra
939 3526 1023 3590 bene
1044 3526 1153 3589 omnia
1173 3543 1310 3624 eompa-

66 3624 69 3635 ·
168 3643 174 3658 x
192 3616 268 3676 rata
282 3616 378 3691 suut,
400 3610 432 3676 si
445 3607 585 3676 Paulum
600 3611 808 3676 intirmorum
825 3610 1091 3679 Christianorum
1105 3610 1249 3677 oonritia
1270 3629 1309 3674 ru

79 3738 82 3746 ι
193 3702 303 3760 mente
324 3694 483 3761 babuisse
511 3697 694 3766 censueris.
747 3695 821 3763 Hos
850 3698 938 3762 enim
966 3696 1172 3774 libertatem,
1208 3715 1310 3781 quam

193 3781 280 3848 firmi
291 3777 477 3846 Christiani
499 3780 565 3845 sibi
588 3783 804 3864 sumsissent,
829 3781 968 3847 sinistre
988 3780 1206 3868 interpretari
1225 3801 1310 3844 sne-

193 3877 247 3932 tos
262 3866 320 3953 (ol.
336 3883 386 3967 vs.
402 3865 435 3933 3.
450 3867 503 3930 10.
520 3865 605 3952 la),
619 3867 786 3934 'credibile
799 3875 871 3968 est,
893 3887 992 3968 quum
1014 3861 1250 3966 liberaliorem·
1264 3864 1310 3928 il-

191 3950 1098 4125 'titt„lt‘tt{1¹¹‘tt‘ttttl'lttt„td'ttt’
1112 3951 1252 4101 titt?
1265 3971 1332 4100 ll-

192 4121 397 4206 temniterub
418 4120 578 4187 beatitate
595 4123 887 4210 periolitarentor‚
916 4121 1105 4186 libertatem
1127 4143 1187 4208 per
1208 4115 1311 4220 ctri-

193 4213 282 4290 stum
296 4213 426 4293 partam
447 4207 626 4272 iniamaese
640 4217 739 4295 atqua
755 4229 820 4273 nnn
837 4205 1181 4305 libertatemnillnrum⁴
1202 4215 1311 4277 retro-

193 4305 269 4356 uem
291 4291 467 4357 vorandam
489 4313 584 4370 esse,
613 4293 677 4356 sed
694 4293 907 4358 inhumanum
930 4292 1094 4358 lioeottum
1113 4296 1147 4354 et
1168 4291 1310 4374 emptam

49 4387 71 4450 ’,
197 4378 442 4462 protervitatem
471 4376 656 4478 dictitasse.
702 4375 909 4444 Libertatem
936 4376 1170 4461 ebriationem,
1206 4397 1311 4479 quain
