2776 5018
410 337 661 484 our.xru
709 397 846 466 veo..
906 437 910 445 -
982 448 987 456 .
1113 397 1176 468 181
1270 475 1277 492 .

79 553 206 620 riantes
226 550 388 640 lectiones
409 571 448 618 ex
476 523 538 616 tide
557 549 700 660 peucini
718 549 878 639 Apostoli
897 549 1063 639 scripturi
1083 561 1181 624 natas

55 659 153 705 ‘esse
175 638 295 706 elucet.
345 635 433 702 Nam
456 635 674 723 auctoriosa]
703 646 736 701 et
763 631 918 724 ἀνέζησεν
944 637 1037 703 verbi
1064 635 1181 728 ἔζησεν

75 727 279 811 plossemato.
320 721 435 807 (Nego
449 723 536 787 euim
548 722 708 787 librarios
721 717 839 810 ἀνέστη
852 745 892 787 ex
909 725 929 789 l
943 720 1067 792 Thess.
1081 732 1115 806 4,
1124 728 1179 796 14.

77 820 201 874 temere
212 809 397 896 arripuisse
410 809 477 892 (Be
522 806 576 874 .in
595 806 729 890 Gnorn.)
744 816 778 872 et
797 804 966 896 ἀνέζησεν
986 829 1026 874 ex
1044 804 1177 898 ἀνέστη

76 897 215 978 fortuito
230 903 342 960 natum
366 895 478 976 osse(
525 896 666 978 sperus).
708 893 817 981 Apoc.
830 893 925 972 20,5.
948 900 1036 959 recte
1053 894 1177 964 Gricsd.

76 1018 117 1068 7·
131 975 344 1066 οάκέζησσν,
364 978 461 1069 cujus
474 980 639 1062 glossema
663 985 766 1043 est-
781 973 841 1044 σάκ
863 973 1054 1084 ἀνέζησαν,
1076 980 1177 1048 lectio
1307 1037 1311 1042 ,

74 1074 190 1132 textus
211 1065 363 1152 recepti.)
403 1065 542 1152 Expulit
563 1065 738 1147 genuinam
760 1063 934 1132 lectionem
956 1063 1072 1152 ε’ζησεν
1092 1087 1180 1132 nuno
1216 1073 1219 1084 '
1255 1074 1257 1078 ’

75 1153 271 1218 atterutrum
291 1149 365 1241 ejus
384 1149 552 1237 glossema
573 1149 747 1234 (contende
767 1151 828 1214 hes
850 1150 1063 1238 scripturas:'
1088 1146 1179 1218 ἀπέ-

73 1241 158 1302 θανε
189 1239 259 1302 καὶ
287 1233 459 1328 ἀνέστη,
486 1231 541 1300 ‘aaa
568 1273 611 1287 ·-
635 1247 669 1302 et
696 1232 850 1300 ἀπέθανε
878 1237 947 1301 κατ’
974 1231 1178 1320 ἀνέζησεν

73 1319 127 1405 ἵνα
140 1328 229 1400 -.),
252 1341 339 1386 nunc
352 1327 522 1430 utrumque
539 1321 598 1405 (ei.
616 1319 792 1390 lectionem
808 1316 952 1389 Elsevir.
967 1359 1008 1389 .-
1024 1315 1179 1388 ἀπέθανε

74 1407 145 1479 καὶ
175 1403 326 1495 ἀνέστη
355 1407 425 1474 καὶ
452 1403 667 1492 ἀνέζησεν,
694 1401 750 1470 ἵνα
769 1410 837 1486 -—-).
878 1403 1059 1473 Praeterea
1079 1401 1183 1492 ἔζησε’

72 1513 146 1580 cnm
163 1491 325 1558 atterutro
341 1492 414 1577 ejus
429 1492 648 1574 glossemate,
675 1489 818 1557 dirersis
838 1489 946 1560 modis
968 1491 1179 1576 conglutina-

71 1587 142 1642 tum
165 1586 235 1650 est:
263 1576 391 1662 Syrus:
418 1615 460 1631 -ι-
479 1571 631 1662 tattone
659 1578 739 1659 ναὶΙ
757 1573 885 1662 ἔζησε
914 1576 984 1644 rici
1012 1575 1177 1662 ἀνέστη,

70 1657 138 1726 ἵνα
153 1701 203 1717 ·-.
224 1661 320 1731 ⁵.17.
342 1664 389 1732 el.
409 1699 452 1712 —
473 1662 627 1728 ἀπέθανε
648 1663 717 1728 καὶ
739 1658 891 1746 ἀνέστη
920 1663 991 1728 καὶ
1018 1661 1179 1748 ἔζησεν,

69 1743 124 1811 ἵνα
139 1785 196 1818 -.
235 1745 417 1830 irenaeus,
438 1748 502 1818 aL:
524 1743 652 1832 ἔζησε
674 1748 729 1812 καὶ
745 1743 898 1812 ἀπέθανε
919 1749 989 1813 καὶ
1011 1744 1177 1828 ἀνέστη,

67 1827 123 1896 ἵνα
137 1871 195 1898 -.
235 1833 305 1898 Hic
319 1835 420 1900 narbo
435 1831 551 1917 ἔζησεν
563 1830 690 1916 primus
701 1833 796 1898 locus
817 1831 1008 1916 assignatus
1028 1837 1080 1897 est
1099 1851 1179 1919 pro-

66 1922 207 2004 pterea.
230 1918 318 2006 quod
333 1915 448 2002 ἔζησεν
461 1917 502 1981 de
515 1916 583 1983 vitei
598 1937 617 1978 a
634 1915 771 1994 Christo
785 1922 862 1996 ante
881 1938 920 1981 su
947 1917 1082 2018 plieiom
1106 1921 1182 1986 actii

65 2005 159 2066 neate
191 2005 395 2068 intellectum
423 2008 525 2070 esset.
582 2000 674 2071 Vide
696 2003 796 2069 etiarn
826 1938 959 2068 Seduiir
985 2003 1181 2074 lectionem:

63 2083 259 2175 -ἔζησε
278 2089 333 2154 καὶ
346 2083 531 2163 ἀπέθανεν,
553 2079 607 2152 *ι’να
623 2121 676 2155 -.
724 2085 1090 2172 Woifius‚*temerarius
1108 2091 1181 2154 rul—
1300 2165 1302 2169 ¹

62 2181 225 2254 getarum
240 2175 417 2239 lectionum
459 2179 680 2260 inpugnator,
708 2169 848 2240 Paulum
872 2173 930 2237 uei
949 2168 1070 2260 ἀνέστη
1091 2175 1180 2240 inter

61 2253 226 2328 ἀπέθανε
248 2269 282 2322 et
304 2260 360 2326 καὶ
381 2195 536 2344 ἀνέζησεν
556 2256 696 2321 medium
724 2258 906 2322 collocasse
935 2257 1010 2324 ideo
1039 2261 1181 2346 putarit,

62 2343 144 2430 qnia
166 2341 341 2411 Christum
358 2343 457 2407 vitam
473 2363 545 2405 rece
572 2340 639 2406 isse
655 2363 719 2405 nou
733 2342 799 2406 nisi
812 2363 852 2406 ex
865 2339 940 2432 eJ'us
953 2343 987 2406 in
1003 2345 1106 2410 vitam
1124 2366 1179 2411 re·

62 2429 196 2495 ditione
217 2429 382 2510 cognitum
397 2425 502 2494 esset!
567 2432 582 2490 t
602 2425 659 2491 καί
679 2436 756 2492 ante
777 2421 931 2493 ἀπέθανε
951 2427 1139 2496 doleremus
1158 2455 1179 2496 a

11 2565 14 2568 -
63 2515 166 2580 nobis
187 2535 254 2578 non
272 2513 535 2600 impetravimus.
586 2510 673 2576 Nam
697 2509 959 2604 primoquidem
982 2517 1043 2579 hoc
1065 2517 1122 2580 καί
1145 2517 1179 2581 in

63 2599 283 2686 perantiquis
296 2597 457 2664 subsidiis
477 2605 663 2684 comparet,
688 2621 717 2666 r.
741 2620 772 2666 e.
791 2599 879 2686 apud
895 2596 1069 2665 irenaeum
1091 2603 1117 2668 1.
1137 2623 1181 2681 σ.,

64 2685 229 2751 Rufinum
244 2683 333 2750 adh.
348 2685 374 2751 l.
398 2692 432 2746 et
446 2679 568 2766 Syrum
591 2680 826 2770 interpretem,
855 2684 915 2770 qui
930 2685 1089 2751 libertate
1111 2686 1181 2752 sibi

63 2772 195 2850 sumtd,
227 2791 325 2855 quam
346 2766 544 2856 explicatori
560 2765 641 2869 jure
664 2766 895 2848 concedimus,
927 2779 1004 2833 ante
1021 2769 1181 2854 Χριστός

63 2857 193 2944 posuit.
238 2853 370 2920 Deinde
386 2853 484 2920 facile
498 2853 631 2918 excidit.
676 2851 762 2926 Nam
783 2852 949 2917 dubitatio
968 2853 1008 2918 de
1027 2855 1179 2938 legitimo

63 2930 471 3028 verborum‘sequentium
488 2947 521 3002 et
534 2959 670 3006 numero
686 2949 719 3002 et
732 2937 848 3002 ordine
867 2936 983 3018 oborta
1004 2939 1039 3005 in
1063 2942 1180 3006 multis
1210 2967 1218 2979 ·

62 3028 160 3094 codd.
177 3025 349 3091 innocenti
365 3025 499 3090 voculae
515 3023 685 3106 interitum
703 3022 845 3111 paravit.
889 3021 1046 3110 Denique
1065 3045 1179 3092 eorunm
1213 3065 1221 3082 .

63 3112 257 3198 disputatio
279 3133 362 3177 vana
386 3115 456 3190 est,
493 3108 551 3196 qui
571 3107 628 3172 καί
649 3119 728 3187 ants
749 3105 902 3172 ἀπέθανε
925 3109 1074 3173 additum
1102 3131 1178 3176 esse

62 3199 334 3286 perhibuerunt,
362 3204 399 3262 ut
414 3197 484 3258 καὶ
503 3191 655 3259 ἀπέθανε
676 3195 746 3258 καὶ
768 3187 884 3278 ἔζησεν
902 3195 1015 3260 verbis
1036 3197 1104 3258 κατ’
1122 3217 1179 3258 νε-

62 3285 151 3369 κρῶν
167 3285 247 3348 καὶ
268 3283 396 3364 ζώντων
415 3279 642 3366 responderet.
684 3277 800 3344 Notat
812 3277 897 3342 enim
918 3275 976 3344 καί
993 3284 1070 3344 aute
1091 3275 1180 3346 ons-

61 3375 147 3434 θανε
170 3371 280 3434 etiam
301 3366 358 3453 (oi.
372 3365 491 3447 Syrum
511 3363 769 3452 othotlrerum),
798 3385 863 3448 quo
887 3363 1029 3428 coicum
1052 3364 1119 3430 alisi
1141 3386 1178 3429 re

62 3454 281 3538 corrproentio
311 3451 500 3515 declaratur
529 3447 656 3530 (Hebe.
687 3453 719 3528 6,
730 3451 762 3516 7.
791 3447 885 3528 7,26.
912 3446 934 3515 2
962 3450 1053 3517 Tim.
1086 3451 1178 3532 l,i2.
1285 3525 1287 3530 ¹

11 3580 17 3588 =
63 3537 193 3604 li'etr.
210 3535 287 3615 2,8.
302 3535 466 3608 Aeschin.
488 3534 562 3600 adv.
575 3533 726 3621 Ctesiph.
746 3557 775 3603 c.
792 3536 847 3600 62.
868 3571 911 3584 -
934 3523 973 3620 ἧς
993 3536 1064 3600 καὶ
1083 3532 1179 3600 ἔνεκα

62 3623 354 3710 στεφανοῦνται.).
398 3618 496 3705 Quod
512 3641 572 3684 nos
586 3619 736 3685 viventes
750 3627 783 3684 et
800 3621 981 3686 morientes
1001 3622 1033 3685 in
1050 3617 1180 3686 Christi

63 3717 237 3797 potestate
254 3715 344 3772 totos
359 3728 433 3772 osse
450 3727 622 3768 censemus
644 3709 692 3788 (v.
714 3703 784 3788 8.),
813 3705 847 3768 id
869 3727 941 3770 eum
965 3705 1030 3774 Dei
1048 3703 1179 3770 corroilio
1267 3766 1270 3773 .

62 3793 280 3880 conponit,
298 3791 361 3878 qui
376 3789 545 3859 Christum
566 3789 688 3854 idcireo
704 3811 814 3854 necem
829 3791 1020 3858 occumbere
1035 3797 1069 3856 et
1084 3793 1182 3876 (post

62 3881 224 4028 ruortemp
243 3877 356 3946 vivero
370 3877 532 3964 jusserit,
558 3883 648 3940 utet
666 3875 813 3942 vivorum
838 3887 872 3940 et
893 3885 1098 3940 mortuorum
1118 3872 1179 3937 do-

62 3967 174 4032 miuus
226 3962 435 4028 eoloraretur
458 3965 503 4047 (τ.
525 3961 584 4039 9.).
633 3962 757 4043 νεκρῶν
784 3961 840 4026 καὶ
870 3955 1015 4044 ζώντων]
1043 3960 1099 4027 64.
1120 3957 1184 4036 55.

63 4053 167 4119 Goth.
182 4049 298 4133 Vulg.
312 4070 372 4112 ms.
389 4047 478 4114 Clau.
497 4044 612 4112 Germ.
625 4041 718 4113 Iren.
741 4046 765 4113 i.
784 4047 807 4110 l.
829 4047 876 4113 al.
899 4041 1027 4126 ζώντων
1047 4045 1103 4110 καὶ
1119 4069 1179 4116 νε-

61 4137 158 4223 κρῶν.
183 4133 568 4222 Benpeiioaiudppar.:
581 4151 654 4212 „eo
664 4127 808 4216 formuid
822 4127 1020 4198 usitatiore.‘’
1050 4127 1180 4220 Trans-

62 4244 100 4294 eo
121 4244 219 4294 nunc,
238 4217 286 4282 ad
299 4218 366 4284 loci
385 4219 472 4283 inter
498 4216 703 4284 rotationem.
744 4213 834 4279 Male
850 4214 1067 4302 Oishousenup
1083 4205 1182 4304 verino
1235 4251 1260 4287 ,t

62 4304 181 4392 ἔζησεν
202 4305 332 4385 νῐῑεισ,
362 4303 427 4390 quei
450 4239 606 4369 Ciiristus
628 4309 705 4370 onte
726 4323 834 4366 necem
857 4300 992 4384 gavisus
1014 4309 1085 4381 est,
1111 4299 1192 4370 dica

62 4393 208 4484 putavit.
261 4387 387 4468 Obstat
402 4388 488 4458 enim
502 4385 677 4460 verborum
696 4383 778 4456 ordo
797 4383 984 4480 ἀπέθανε
1007 4385 1063 4452 καὶ
1083 4379 1181 4474 ἔζη-
