<?xml version="1.0" encoding="UTF-8"?>
<!DOCTYPE html PUBLIC "-//W3C//DTD XHTML 1.0 Transitional//EN"
    "http://www.w3.org/TR/xhtml1/DTD/xhtml1-transitional.dtd">
<html xmlns="http://www.w3.org/1999/xhtml" xml:lang="en" lang="en">
 <head>
  <title>
</title>
<meta http-equiv="Content-Type" content="text/html;charset=utf-8" />
  <meta name='ocr-system' content='tesseract 3.04.00' />
  <meta name='ocr-capabilities' content='ocr_page ocr_carea ocr_par ocr_line ocrx_word'/>
</head>
<body>
  <div class='ocr_page' id='page_1' title='image "./pauliadromanose01fritgoog_0136.png"; bbox 0 0 2806 5014; ppageno 0'>
   <div class='ocr_carea' id='block_1_1' title="bbox 62 359 1099 466">
    <p class='ocr_par' dir='ltr' id='par_1_1' title="bbox 1 357 1099 500">
     <span class='ocr_line' id='line_1_1' title="bbox 62 359 1099 466; baseline 0.004 -10.778"><span class='ocrx_word' id='word_1_1' title='bbox 62 423 65 436; x_wconf 90' lang='lat'>.</span> <span class='ocrx_word' id='word_1_2' title='bbox 187 393 256 460; x_wconf 76' lang='lat' dir='ltr'>res.</span> <span class='ocrx_word' id='word_1_3' title='bbox 348 359 1099 466; x_wconf 73' lang='grc' dir='ltr'><strong><em>ἐνιετατιιααοιιετιοε</em></strong></span> 
     </span>
    </p>
   </div>
   <div class='ocr_carea' id='block_1_2' title="bbox 50 800 1175 892">
    <p class='ocr_par' dir='ltr' id='par_1_2' title="bbox 50 800 1175 892">
     <span class='ocr_line' id='line_1_2' title="bbox 50 800 1175 892; baseline 0.002 -28"><span class='ocrx_word' id='word_1_4' title='bbox 50 847 58 857; x_wconf 58' lang='grc'><strong>»</strong></span> <span class='ocrx_word' id='word_1_5' title='bbox 187 803 454 886; x_wconf 80' lang='lat' dir='ltr'>eiuntquantum</span> <span class='ocrx_word' id='word_1_6' title='bbox 497 810 626 869; x_wconf 88' lang='lat' dir='ltr'>essunt.</span> <span class='ocrx_word' id='word_1_7' title='bbox 668 802 747 868; x_wconf 88' lang='lat' dir='ltr'>Non</span> <span class='ocrx_word' id='word_1_8' title='bbox 770 803 911 870; x_wconf 88' lang='lat' dir='ltr'>nescivit</span> <span class='ocrx_word' id='word_1_9' title='bbox 933 800 1070 886; x_wconf 63' lang='lat' dir='ltr'>booP„</span> <span class='ocrx_word' id='word_1_10' title='bbox 1095 802 1175 892; x_wconf 83' lang='lat' dir='ltr'>quip</span> 
     </span>
    </p>
   </div>
   <div class='ocr_carea' id='block_1_3' title="bbox 159 539 1395 1145">
    <p class='ocr_par' dir='ltr' id='par_1_3' title="bbox 159 539 1395 1145">
     <span class='ocr_line' id='line_1_3' title="bbox 184 539 1297 634; baseline 0.004 -24"><span class='ocrx_word' id='word_1_11' title='bbox 184 541 329 630; x_wconf 78' lang='grc' dir='ltr'><strong><em>πλησίον</em></strong></span> <span class='ocrx_word' id='word_1_12' title='bbox 343 544 443 609; x_wconf 85' lang='grc' dir='ltr'><strong><em>κακὸν</em></strong></span> <span class='ocrx_word' id='word_1_13' title='bbox 456 539 517 612; x_wconf 76' lang='grc' dir='ltr'>οὐκ</span> <span class='ocrx_word' id='word_1_14' title='bbox 532 545 704 634; x_wconf 74' lang='grc' dir='ltr'><strong><em>ἐργάζεται</em></strong></span> <span class='ocrx_word' id='word_1_15' title='bbox 722 549 776 612; x_wconf 86' lang='lat' dir='ltr'>vel</span> <span class='ocrx_word' id='word_1_16' title='bbox 791 546 920 613; x_wconf 85' lang='lat' dir='ltr'>firmari</span> <span class='ocrx_word' id='word_1_17' title='bbox 933 548 1038 632; x_wconf 85' lang='grc' dir='ltr'><strong><em>(γάρ),</em></strong></span> <span class='ocrx_word' id='word_1_18' title='bbox 1061 546 1114 612; x_wconf 85' lang='lat' dir='ltr'>vel</span> <span class='ocrx_word' id='word_1_19' title='bbox 1126 544 1297 614; x_wconf 72' lang='lat' dir='ltr'>&#39;illustrari</span> 
     </span>
     <span class='ocr_line' id='line_1_4' title="bbox 184 623 1298 719; baseline 0.003 -26"><span class='ocrx_word' id='word_1_20' title='bbox 184 631 427 716; x_wconf 83' lang='lat' dir='ltr'>(de&#39;)putnrunt</span> <span class='ocrx_word' id='word_1_21' title='bbox 449 623 509 696; x_wconf 77' lang='grc' dir='ltr'>οὖν</span> <span class='ocrx_word' id='word_1_22' title='bbox 531 645 655 698; x_wconf 86' lang='lat' dir='ltr'>temere</span> <span class='ocrx_word' id='word_1_23' title='bbox 678 643 861 704; x_wconf 79' lang='lat' dir='ltr'><strong>mutarunt.</strong></span> <span class='ocrx_word' id='word_1_24' title='bbox 901 633 1198 719; x_wconf 72' lang='lat' dir='ltr'>sequialterum</span> <span class='ocrx_word' id='word_1_25' title='bbox 1219 632 1298 696; x_wconf 86' lang='lat' dir='ltr'>dili·</span> 
     </span>
     <span class='ocr_line' id='line_1_5' title="bbox 184 717 1319 818; baseline 0.003 -39"><span class='ocrx_word' id='word_1_26' title='bbox 184 723 268 802; x_wconf 84' lang='lat' dir='ltr'>guot</span> <span class='ocrx_word' id='word_1_27' title='bbox 281 735 344 779; x_wconf 92' lang='lat' dir='ltr'>non</span> <span class='ocrx_word' id='word_1_28' title='bbox 362 717 470 780; x_wconf 87' lang='lat' dir='ltr'>solum</span> <span class='ocrx_word' id='word_1_29' title='bbox 488 717 519 782; x_wconf 87' lang='lat' dir='ltr'>oi</span> <span class='ocrx_word' id='word_1_30' title='bbox 534 740 598 783; x_wconf 90' lang='lat' dir='ltr'>non</span> <span class='ocrx_word' id='word_1_31' title='bbox 615 719 846 801; x_wconf 82' lang='lat' dir='ltr'>malefaciunt,</span> <span class='ocrx_word' id='word_1_32' title='bbox 874 739 985 784; x_wconf 86' lang='lat' dir='ltr'>verum</span> <span class='ocrx_word' id='word_1_33' title='bbox 1000 718 1100 783; x_wconf 88' lang='lat' dir='ltr'>etiam</span> <span class='ocrx_word' id='word_1_34' title='bbox 1114 718 1146 784; x_wconf 91' lang='lat' dir='ltr'>ei</span> <span class='ocrx_word' id='word_1_35' title='bbox 1162 717 1298 818; x_wconf 66' lang='lat' dir='ltr'>boneta-3</span> <span class='ocrx_word' id='word_1_36' title='bbox 1318 801 1319 804; x_wconf 8' lang='grc' dir='ltr'><strong>Ἴ</strong></span> 
     </span>
     <span class='ocr_line' id='line_1_6' title="bbox 159 823 1395 988; baseline 0.006 -38"><span class='ocrx_word' id='word_1_37' title='bbox 159 879 448 978; x_wconf 74' lang='grc' dir='ltr'>Ι1()οτ.Ι3,4.ἧ</span> <span class='ocrx_word' id='word_1_38' title='bbox 484 887 868 976; x_wconf 86' lang='grc' dir='ltr'><strong><em>γάπηχρηστεύεται</em></strong></span> <span class='ocrx_word' id='word_1_39' title='bbox 884 888 1073 977; x_wconf 83' lang='lat' dir='ltr'>scripserit.</span> <span class='ocrx_word' id='word_1_40' title='bbox 1117 823 1300 988; x_wconf 55' lang='lat' dir='ltr'>Atireuoq&#39;d:</span> <span class='ocrx_word' id='word_1_41' title='bbox 1392 924 1395 945; x_wconf 67' lang='grc' dir='ltr'><strong><em>ι</em></strong></span> 
     </span>
     <span class='ocr_line' id='line_1_7' title="bbox 185 971 1300 1062; baseline -0.001 -25"><span class='ocrx_word' id='word_1_42' title='bbox 185 971 270 1037; x_wconf 88' lang='lat' dir='ltr'>satis</span> <span class='ocrx_word' id='word_1_43' title='bbox 284 971 396 1036; x_wconf 83' lang='lat' dir='ltr'>ei&#39;iuit</span> <span class='ocrx_word' id='word_1_44' title='bbox 412 972 588 1039; x_wconf 78' lang='lat' dir='ltr'>ostendere</span> <span class='ocrx_word' id='word_1_45' title='bbox 610 975 749 1038; x_wconf 85' lang='lat' dir='ltr'>multum</span> <span class='ocrx_word' id='word_1_46' title='bbox 770 975 953 1062; x_wconf 85' lang='lat' dir='ltr'>proiecisse</span> <span class='ocrx_word' id='word_1_47' title='bbox 976 975 1034 1062; x_wconf 86' lang='lat' dir='ltr'>qui</span> <span class='ocrx_word' id='word_1_48' title='bbox 1055 974 1196 1039; x_wconf 88' lang='lat' dir='ltr'>alterum</span> <span class='ocrx_word' id='word_1_49' title='bbox 1219 973 1300 1037; x_wconf 82' lang='lat' dir='ltr'>dils-</span> 
     </span>
     <span class='ocr_line' id='line_1_8' title="bbox 188 1057 1299 1145; baseline 0.004 -27"><span class='ocrx_word' id='word_1_50' title='bbox 188 1064 264 1139; x_wconf 81' lang='lat' dir='ltr'>gat,</span> <span class='ocrx_word' id='word_1_51' title='bbox 284 1059 435 1142; x_wconf 74' lang='lat' dir='ltr'>ascanium</span> <span class='ocrx_word' id='word_1_52' title='bbox 447 1058 477 1123; x_wconf 91' lang='lat' dir='ltr'>is</span> <span class='ocrx_word' id='word_1_53' title='bbox 492 1058 555 1143; x_wconf 73' lang='lat' dir='ltr'>legi</span> <span class='ocrx_word' id='word_1_54' title='bbox 569 1061 730 1124; x_wconf 74' lang='lat' dir='ltr'>mosaicae</span> <span class='ocrx_word' id='word_1_55' title='bbox 744 1059 891 1144; x_wconf 79' lang='lat' dir='ltr'>injurias</span> <span class='ocrx_word' id='word_1_56' title='bbox 904 1061 1004 1126; x_wconf 84' lang='lat' dir='ltr'>citeri</span> <span class='ocrx_word' id='word_1_57' title='bbox 1017 1057 1143 1145; x_wconf 74' lang='lat' dir='ltr'>inferre</span> <span class='ocrx_word' id='word_1_58' title='bbox 1163 1079 1221 1124; x_wconf 82' lang='lat' dir='ltr'>nus</span> <span class='ocrx_word' id='word_1_59' title='bbox 1238 1079 1299 1123; x_wconf 84' lang='lat' dir='ltr'>uo·-</span> 
     </span>
    </p>
   </div>
   <div class='ocr_carea' id='block_1_4' title="bbox 81 1136 1300 1233">
    <p class='ocr_par' dir='ltr' id='par_1_4' title="bbox 81 1136 1300 1233">
     <span class='ocr_line' id='line_1_9' title="bbox 81 1136 1300 1233; baseline 0.001 -25"><span class='ocrx_word' id='word_1_60' title='bbox 81 1157 83 1165; x_wconf 89' lang='lat'>&#39;</span> <span class='ocrx_word' id='word_1_61' title='bbox 187 1143 274 1209; x_wconf 79' lang='lat' dir='ltr'>tcsnti</span> <span class='ocrx_word' id='word_1_62' title='bbox 301 1143 481 1208; x_wconf 70' lang='lat' dir='ltr'>certissime</span> <span class='ocrx_word' id='word_1_63' title='bbox 508 1145 744 1233; x_wconf 63' lang='lat' dir='ltr'>satisfecimus</span> <span class='ocrx_word' id='word_1_64' title='bbox 769 1146 824 1210; x_wconf 90' lang='lat' dir='ltr'>sit.</span> <span class='ocrx_word' id='word_1_65' title='bbox 869 1144 1014 1210; x_wconf 84' lang='lat' dir='ltr'>Eandem</span> <span class='ocrx_word' id='word_1_66' title='bbox 1038 1144 1237 1208; x_wconf 81' lang='lat' dir='ltr'>sententiam</span> <span class='ocrx_word' id='word_1_67' title='bbox 1256 1136 1300 1210; x_wconf 71' lang='grc' dir='ltr'>Ρ.</span> 
     </span>
    </p>
   </div>
   <div class='ocr_carea' id='block_1_5' title="bbox 124 1223 1383 1932">
    <p class='ocr_par' dir='ltr' id='par_1_5' title="bbox 124 1223 1383 1932">
     <span class='ocr_line' id='line_1_10' title="bbox 124 1223 1345 1315; baseline -0.005 -23"><span class='ocrx_word' id='word_1_68' title='bbox 124 1265 128 1270; x_wconf 94' lang='grc'>-</span> <span class='ocrx_word' id='word_1_69' title='bbox 167 1225 267 1293; x_wconf 72' lang='lat' dir='ltr'>Gal.</span> <span class='ocrx_word' id='word_1_70' title='bbox 281 1223 375 1307; x_wconf 81' lang='lat' dir='ltr'>s,14.</span> <span class='ocrx_word' id='word_1_71' title='bbox 392 1226 444 1294; x_wconf 79' lang='lat'>15.</span> <span class='ocrx_word' id='word_1_72' title='bbox 461 1229 633 1315; x_wconf 76' lang='lat' dir='ltr'>professus</span> <span class='ocrx_word' id='word_1_73' title='bbox 650 1235 714 1298; x_wconf 86' lang='lat' dir='ltr'>est.</span> <span class='ocrx_word' id='word_1_74' title='bbox 758 1227 834 1314; x_wconf 66' lang='grc' dir='ltr'><strong><em>Φινεῖ</em></strong></span> <span class='ocrx_word' id='word_1_75' title='bbox 857 1250 894 1295; x_wconf 88' lang='lat' dir='ltr'>re</span> <span class='ocrx_word' id='word_1_76' title='bbox 915 1251 980 1296; x_wconf 91' lang='lat' dir='ltr'>non</span> <span class='ocrx_word' id='word_1_77' title='bbox 1002 1228 1173 1295; x_wconf 77' lang='lat' dir='ltr'>intellecti</span> <span class='ocrx_word' id='word_1_78' title='bbox 1193 1230 1300 1294; x_wconf 87' lang='lat' dir='ltr'>inter·</span> <span class='ocrx_word' id='word_1_79' title='bbox 1341 1277 1345 1286; x_wconf 92' lang='grc'><em>,</em></span> 
     </span>
     <span class='ocr_line' id='line_1_11' title="bbox 154 1307 1300 1402; baseline -0.003 -22"><span class='ocrx_word' id='word_1_80' title='bbox 154 1373 157 1380; x_wconf 90' lang='grc'>.</span> <span class='ocrx_word' id='word_1_81' title='bbox 210 1319 298 1376; x_wconf 87' lang='lat' dir='ltr'>retes</span> <span class='ocrx_word' id='word_1_82' title='bbox 317 1307 526 1396; x_wconf 78' lang='lat' dir='ltr'>gravissimis</span> <span class='ocrx_word' id='word_1_83' title='bbox 541 1313 712 1382; x_wconf 81' lang='lat' dir='ltr'>erroribus</span> <span class='ocrx_word' id='word_1_84' title='bbox 727 1314 892 1402; x_wconf 83' lang='lat' dir='ltr'>implicati</span> <span class='ocrx_word' id='word_1_85' title='bbox 904 1320 995 1385; x_wconf 90' lang='lat' dir='ltr'>sunt.</span> <span class='ocrx_word' id='word_1_86' title='bbox 1037 1313 1194 1380; x_wconf 82' lang='lat' dir='ltr'>liciebias</span> <span class='ocrx_word' id='word_1_87' title='bbox 1211 1310 1300 1379; x_wconf 59' lang='lat' dir='ltr'>Paua</span> 
     </span>
     <span class='ocr_line' id='line_1_12' title="bbox 182 1333 1300 1488; baseline 0 -26"><span class='ocrx_word' id='word_1_88' title='bbox 182 1333 254 1463; x_wconf 68' lang='lat' dir='ltr'>,iona</span> <span class='ocrx_word' id='word_1_89' title='bbox 269 1417 307 1459; x_wconf 89' lang='lat' dir='ltr'>ox</span> <span class='ocrx_word' id='word_1_90' title='bbox 322 1402 399 1460; x_wconf 89' lang='lat' dir='ltr'>ante</span> <span class='ocrx_word' id='word_1_91' title='bbox 412 1397 512 1463; x_wconf 85' lang='lat' dir='ltr'>dietis</span> <span class='ocrx_word' id='word_1_92' title='bbox 525 1400 747 1482; x_wconf 88' lang='lat' dir='ltr'>conclusisse,</span> <span class='ocrx_word' id='word_1_93' title='bbox 759 1417 854 1488; x_wconf 64' lang='lat' dir='ltr'>‘quae</span> <span class='ocrx_word' id='word_1_94' title='bbox 867 1421 909 1466; x_wconf 86' lang='lat' dir='ltr'>ex</span> <span class='ocrx_word' id='word_1_95' title='bbox 922 1400 967 1466; x_wconf 90' lang='lat' dir='ltr'>iis</span> <span class='ocrx_word' id='word_1_96' title='bbox 979 1421 1042 1465; x_wconf 93' lang='lat' dir='ltr'>non</span> <span class='ocrx_word' id='word_1_97' title='bbox 1056 1419 1300 1485; x_wconf 86' lang='lat' dir='ltr'>consequeren-</span> 
     </span>
     <span class='ocr_line' id='line_1_13' title="bbox 185 1481 1383 1570; baseline -0.001 -23"><span class='ocrx_word' id='word_1_98' title='bbox 185 1489 242 1547; x_wconf 90' lang='lat' dir='ltr'>tur</span> <span class='ocrx_word' id='word_1_99' title='bbox 266 1481 448 1568; x_wconf 85' lang='lat' dir='ltr'>perbibuit.</span> <span class='ocrx_word' id='word_1_100' title='bbox 501 1481 604 1570; x_wconf 80' lang='lat' dir='ltr'>Sequi</span> <span class='ocrx_word' id='word_1_101' title='bbox 627 1487 713 1549; x_wconf 85' lang='lat' dir='ltr'>enirn</span> <span class='ocrx_word' id='word_1_102' title='bbox 735 1507 777 1550; x_wconf 87' lang='lat' dir='ltr'>ex</span> <span class='ocrx_word' id='word_1_103' title='bbox 804 1484 902 1552; x_wconf 87' lang='lat' dir='ltr'>Pauli</span> <span class='ocrx_word' id='word_1_104' title='bbox 923 1485 1229 1570; x_wconf 72' lang='lat' dir='ltr'>argumentatione,</span> <span class='ocrx_word' id='word_1_105' title='bbox 1260 1489 1302 1553; x_wconf 86' lang='lat' dir='ltr'>ut</span> <span class='ocrx_word' id='word_1_106' title='bbox 1380 1515 1383 1520; x_wconf 57' lang='grc'><strong>«</strong></span> 
     </span>
     <span class='ocr_line' id='line_1_14' title="bbox 185 1567 1299 1658; baseline 0.005 -29"><span class='ocrx_word' id='word_1_107' title='bbox 185 1567 243 1652; x_wconf 89' lang='lat' dir='ltr'>qui</span> <span class='ocrx_word' id='word_1_108' title='bbox 259 1568 402 1652; x_wconf 88' lang='lat' dir='ltr'>diligant</span> <span class='ocrx_word' id='word_1_109' title='bbox 416 1569 515 1634; x_wconf 89' lang='lat' dir='ltr'>alteri</span> <span class='ocrx_word' id='word_1_110' title='bbox 529 1572 655 1635; x_wconf 76' lang='lat' dir='ltr'>nullam</span> <span class='ocrx_word' id='word_1_111' title='bbox 672 1571 828 1658; x_wconf 86' lang='lat' dir='ltr'>injuriam</span> <span class='ocrx_word' id='word_1_112' title='bbox 842 1572 983 1651; x_wconf 84' lang='lat' dir='ltr'>iaciant,</span> <span class='ocrx_word' id='word_1_113' title='bbox 995 1591 1061 1636; x_wconf 90' lang='lat' dir='ltr'>non</span> <span class='ocrx_word' id='word_1_114' title='bbox 1076 1569 1193 1656; x_wconf 87' lang='lat' dir='ltr'>sequi,</span> <span class='ocrx_word' id='word_1_115' title='bbox 1209 1567 1299 1655; x_wconf 85' lang='lat' dir='ltr'>quod</span> 
     </span>
     <span class='ocr_line' id='line_1_15' title="bbox 186 1655 1299 1759; baseline 0.002 -27"><span class='ocrx_word' id='word_1_116' title='bbox 186 1667 315 1732; x_wconf 89' lang='lat' dir='ltr'>Paulus</span> <span class='ocrx_word' id='word_1_117' title='bbox 328 1669 420 1754; x_wconf 81' lang='lat' dir='ltr'>sequi</span> <span class='ocrx_word' id='word_1_118' title='bbox 433 1669 571 1737; x_wconf 72' lang='lat' dir='ltr'>dixisset</span> <span class='ocrx_word' id='word_1_119' title='bbox 586 1671 633 1735; x_wconf 81' lang='grc' dir='ltr'>πλ</span> <span class='ocrx_word' id='word_1_120' title='bbox 647 1670 755 1755; x_wconf 85' lang='grc' dir='ltr'><strong><em>’ρωμα</em></strong></span> <span class='ocrx_word' id='word_1_121' title='bbox 770 1655 840 1736; x_wconf 80' lang='grc' dir='ltr'>οὖν</span> <span class='ocrx_word' id='word_1_122' title='bbox 853 1664 993 1759; x_wconf 68' lang='lat' dir='ltr'>educari</span> <span class='ocrx_word' id='word_1_123' title='bbox 1009 1664 1123 1756; x_wconf 90' lang='grc' dir='ltr'><strong><em>ἀγάπη</em></strong></span> <span class='ocrx_word' id='word_1_124' title='bbox 1139 1669 1248 1758; x_wconf 72' lang='lat' dir='ltr'>(sici),</span> <span class='ocrx_word' id='word_1_125' title='bbox 1262 1675 1299 1735; x_wconf 86' lang='lat' dir='ltr'>ut</span> 
     </span>
     <span class='ocr_line' id='line_1_16' title="bbox 186 1697 1299 1845; baseline 0.004 -30"><span class='ocrx_word' id='word_1_126' title='bbox 186 1754 245 1839; x_wconf 80' lang='lat' dir='ltr'>qui</span> <span class='ocrx_word' id='word_1_127' title='bbox 261 1762 373 1817; x_wconf 87' lang='lat' dir='ltr'>ament</span> <span class='ocrx_word' id='word_1_128' title='bbox 386 1755 494 1820; x_wconf 84' lang='lat' dir='ltr'>omnia</span> <span class='ocrx_word' id='word_1_129' title='bbox 516 1755 624 1820; x_wconf 86' lang='lat' dir='ltr'>officia</span> <span class='ocrx_word' id='word_1_130' title='bbox 636 1697 745 1823; x_wconf 77' lang='lat' dir='ltr'>diesis</span> <span class='ocrx_word' id='word_1_131' title='bbox 765 1759 841 1842; x_wconf 87' lang='lat' dir='ltr'>lege</span> <span class='ocrx_word' id='word_1_132' title='bbox 863 1755 1184 1845; x_wconf 70' lang='lat' dir='ltr'>imperataiaciant.</span> <span class='ocrx_word' id='word_1_133' title='bbox 1226 1754 1299 1820; x_wconf 84' lang='lat' dir='ltr'>lta·</span> 
     </span>
     <span class='ocr_line' id='line_1_17' title="bbox 187 1839 1341 1932; baseline 0.002 -32"><span class='ocrx_word' id='word_1_134' title='bbox 187 1859 252 1924; x_wconf 84' lang='lat' dir='ltr'>que</span> <span class='ocrx_word' id='word_1_135' title='bbox 267 1839 446 1904; x_wconf 88' lang='lat' dir='ltr'>nonnullos</span> <span class='ocrx_word' id='word_1_136' title='bbox 460 1840 637 1922; x_wconf 74' lang='lat' dir='ltr'>librarios,</span> <span class='ocrx_word' id='word_1_137' title='bbox 660 1849 698 1907; x_wconf 90' lang='lat' dir='ltr'>ut</span> <span class='ocrx_word' id='word_1_138' title='bbox 712 1839 814 1908; x_wconf 88' lang='lat' dir='ltr'>Pauli</span> <span class='ocrx_word' id='word_1_139' title='bbox 826 1850 996 1932; x_wconf 84' lang='lat' dir='ltr'>peecatum</span> <span class='ocrx_word' id='word_1_140' title='bbox 1009 1841 1220 1924; x_wconf 86' lang='lat' dir='ltr'>corrigerent</span> <span class='ocrx_word' id='word_1_141' title='bbox 1235 1859 1300 1928; x_wconf 83' lang='lat' dir='ltr'>pro</span> <span class='ocrx_word' id='word_1_142' title='bbox 1337 1897 1341 1902; x_wconf 91' lang='grc'><em>,</em></span> 
     </span>
    </p>
   </div>
   <div class='ocr_carea' id='block_1_6' title="bbox 186 1915 1399 2010">
    <p class='ocr_par' dir='ltr' id='par_1_6' title="bbox 186 1915 1399 2010">
     <span class='ocr_line' id='line_1_18' title="bbox 186 1915 1399 2010; baseline 0.009 -24"><span class='ocrx_word' id='word_1_143' title='bbox 186 1915 246 1986; x_wconf 82' lang='grc' dir='ltr'>οὖν</span> <span class='ocrx_word' id='word_1_144' title='bbox 261 1923 314 1987; x_wconf 86' lang='lat' dir='ltr'>vel</span> <span class='ocrx_word' id='word_1_145' title='bbox 330 1920 368 1988; x_wconf 82' lang='grc' dir='ltr'>δέ</span> <span class='ocrx_word' id='word_1_146' title='bbox 382 1925 434 1989; x_wconf 91' lang='lat' dir='ltr'>vel</span> <span class='ocrx_word' id='word_1_147' title='bbox 454 1920 518 2010; x_wconf 92' lang='grc' dir='ltr'>γάρ</span> <span class='ocrx_word' id='word_1_148' title='bbox 539 1945 709 2006; x_wconf 83' lang='lat' dir='ltr'>exarasse.</span> <span class='ocrx_word' id='word_1_149' title='bbox 756 1927 935 1996; x_wconf 80' lang='lat' dir='ltr'>Racclterto</span> <span class='ocrx_word' id='word_1_150' title='bbox 956 1926 1170 1992; x_wconf 75' lang='lat' dir='ltr'>memorabile</span> <span class='ocrx_word' id='word_1_151' title='bbox 1190 1926 1300 1996; x_wconf 77' lang='lat' dir='ltr'>visum</span> <span class='ocrx_word' id='word_1_152' title='bbox 1398 1995 1399 2000; x_wconf 73' lang='grc'>,</span> 
     </span>
    </p>
   </div>
   <div class='ocr_carea' id='block_1_7' title="bbox 133 2005 1399 2195">
    <p class='ocr_par' dir='ltr' id='par_1_7' title="bbox 133 2005 1399 2195">
     <span class='ocr_line' id='line_1_19' title="bbox 133 2005 1399 2100; baseline 0.005 -31"><span class='ocrx_word' id='word_1_153' title='bbox 133 2065 141 2094; x_wconf 41' lang='grc' dir='ltr'><strong><em>Ι</em></strong></span> <span class='ocrx_word' id='word_1_154' title='bbox 186 2015 259 2086; x_wconf 89' lang='lat' dir='ltr'>ost,</span> <span class='ocrx_word' id='word_1_155' title='bbox 283 2005 522 2097; x_wconf 61' lang='lat' dir='ltr'>quodverbai</span> <span class='ocrx_word' id='word_1_156' title='bbox 546 2006 661 2099; x_wconf 89' lang='grc' dir='ltr'><strong><em>ἀγάπη</em></strong></span> <span class='ocrx_word' id='word_1_157' title='bbox 681 2013 731 2096; x_wconf 77' lang='grc' dir='ltr'>τῷ</span> <span class='ocrx_word' id='word_1_158' title='bbox 751 2005 1020 2100; x_wconf 67' lang='lat' dir='ltr'>adquiescendo</span> <span class='ocrx_word' id='word_1_159' title='bbox 1041 2010 1102 2078; x_wconf 78' lang='lat' dir='ltr'>ode</span> <span class='ocrx_word' id='word_1_160' title='bbox 1122 2007 1300 2098; x_wconf 73' lang='grc' dir='ltr'><strong><em>ἐργάζεται</em></strong></span> <span class='ocrx_word' id='word_1_161' title='bbox 1396 2045 1399 2073; x_wconf 84' lang='lat' dir='ltr'>l</span> 
     </span>
     <span class='ocr_line' id='line_1_20' title="bbox 186 2093 1299 2195; baseline 0.008 -38"><span class='ocrx_word' id='word_1_162' title='bbox 186 2093 222 2157; x_wconf 92' lang='lat' dir='ltr'>in</span> <span class='ocrx_word' id='word_1_163' title='bbox 237 2096 535 2195; x_wconf 44' lang='lat' dir='ltr'>Agrauonitas</span> <span class='ocrx_word' id='word_1_164' title='bbox 552 2106 642 2167; x_wconf 87' lang='lat' dir='ltr'>sunt.</span> <span class='ocrx_word' id='word_1_165' title='bbox 686 2097 773 2164; x_wconf 85' lang='lat' dir='ltr'>Nem</span> <span class='ocrx_word' id='word_1_166' title='bbox 787 2111 889 2186; x_wconf 80' lang='lat' dir='ltr'>quum</span> <span class='ocrx_word' id='word_1_167' title='bbox 904 2095 1032 2164; x_wconf 88' lang='lat' dir='ltr'>Paulus</span> <span class='ocrx_word' id='word_1_168' title='bbox 1042 2096 1213 2163; x_wconf 86' lang='lat' dir='ltr'>vocabulis</span> <span class='ocrx_word' id='word_1_169' title='bbox 1227 2096 1299 2166; x_wconf 73' lang='grc' dir='ltr'>πθ.</span> 
     </span>
    </p>
   </div>
   <div class='ocr_carea' id='block_1_8' title="bbox 190 2173 1400 2270">
    <p class='ocr_par' dir='ltr' id='par_1_8' title="bbox 190 2173 1400 2270">
     <span class='ocr_line' id='line_1_21' title="bbox 190 2173 1400 2270; baseline 0.007 -30"><span class='ocrx_word' id='word_1_170' title='bbox 190 2180 247 2241; x_wconf 82' lang='grc' dir='ltr'>καὶ</span> <span class='ocrx_word' id='word_1_171' title='bbox 261 2173 291 2241; x_wconf 82' lang='lat' dir='ltr'>ci</span> <span class='ocrx_word' id='word_1_172' title='bbox 304 2199 357 2254; x_wconf 82' lang='grc' dir='ltr'>τις</span> <span class='ocrx_word' id='word_1_173' title='bbox 369 2173 467 2262; x_wconf 80' lang='grc' dir='ltr'><strong><em>ἑτέρα</em></strong></span> <span class='ocrx_word' id='word_1_174' title='bbox 483 2179 598 2268; x_wconf 77' lang='grc' dir='ltr'><strong><em>ἐντολή</em></strong></span> <span class='ocrx_word' id='word_1_175' title='bbox 615 2182 818 2249; x_wconf 86' lang='lat' dir='ltr'>hauddubie</span> <span class='ocrx_word' id='word_1_176' title='bbox 832 2206 895 2249; x_wconf 92' lang='lat' dir='ltr'>non</span> <span class='ocrx_word' id='word_1_177' title='bbox 914 2183 1023 2247; x_wconf 84' lang='lat' dir='ltr'>solum</span> <span class='ocrx_word' id='word_1_178' title='bbox 1036 2182 1123 2268; x_wconf 87' lang='lat' dir='ltr'>legis</span> <span class='ocrx_word' id='word_1_179' title='bbox 1142 2202 1226 2249; x_wconf 82' lang='lat' dir='ltr'>snos.</span> <span class='ocrx_word' id='word_1_180' title='bbox 1246 2180 1298 2246; x_wconf 88' lang='lat' dir='ltr'>in·</span> <span class='ocrx_word' id='word_1_181' title='bbox 1397 2177 1400 2270; x_wconf 45' lang='grc' dir='ltr'><strong><em>η</em></strong></span> 
     </span>
    </p>
   </div>
   <div class='ocr_carea' id='block_1_9' title="bbox 98 2257 1300 2698">
    <p class='ocr_par' dir='ltr' id='par_1_9' title="bbox 98 2257 1300 2698">
     <span class='ocr_line' id='line_1_22' title="bbox 189 2257 1299 2367; baseline 0.004 -41"><span class='ocrx_word' id='word_1_182' title='bbox 189 2257 350 2343; x_wconf 87' lang='lat' dir='ltr'>terdicta,</span> <span class='ocrx_word' id='word_1_183' title='bbox 381 2266 440 2328; x_wconf 85' lang='lat' dir='ltr'>sed</span> <span class='ocrx_word' id='word_1_184' title='bbox 454 2264 552 2329; x_wconf 88' lang='lat' dir='ltr'>etiam</span> <span class='ocrx_word' id='word_1_185' title='bbox 566 2276 743 2367; x_wconf 80' lang='lat' dir='ltr'>praecepta</span> <span class='ocrx_word' id='word_1_186' title='bbox 765 2268 907 2350; x_wconf 80' lang='lat' dir='ltr'>dixerit,</span> <span class='ocrx_word' id='word_1_187' title='bbox 934 2274 1028 2333; x_wconf 85' lang='lat' dir='ltr'>recte</span> <span class='ocrx_word' id='word_1_188' title='bbox 1048 2276 1083 2332; x_wconf 89' lang='lat' dir='ltr'>te</span> <span class='ocrx_word' id='word_1_189' title='bbox 1103 2287 1143 2332; x_wconf 90' lang='lat' dir='ltr'>eo</span> <span class='ocrx_word' id='word_1_190' title='bbox 1163 2264 1299 2348; x_wconf 87' lang='lat' dir='ltr'>oll&#39;endi,</span> 
     </span>
     <span class='ocr_line' id='line_1_23' title="bbox 98 2345 1298 2440; baseline 0.005 -30"><span class='ocrx_word' id='word_1_191' title='bbox 98 2361 100 2372; x_wconf 65' lang='lat'><strong><em>⁴</em></strong></span> <span class='ocrx_word' id='word_1_192' title='bbox 193 2345 281 2432; x_wconf 91' lang='lat' dir='ltr'>quod</span> <span class='ocrx_word' id='word_1_193' title='bbox 296 2368 412 2413; x_wconf 86' lang='lat' dir='ltr'>versus</span> <span class='ocrx_word' id='word_1_194' title='bbox 430 2352 482 2418; x_wconf 87' lang='lat'>10.</span> <span class='ocrx_word' id='word_1_195' title='bbox 499 2349 596 2416; x_wconf 78' lang='lat' dir='ltr'>initio</span> <span class='ocrx_word' id='word_1_196' title='bbox 610 2361 776 2420; x_wconf 81' lang='lat' dir='ltr'>amantem</span> <span class='ocrx_word' id='word_1_197' title='bbox 796 2355 896 2438; x_wconf 82' lang='lat' dir='ltr'>alteri</span> <span class='ocrx_word' id='word_1_198' title='bbox 914 2373 978 2418; x_wconf 85' lang='lat' dir='ltr'>non</span> <span class='ocrx_word' id='word_1_199' title='bbox 998 2352 1196 2440; x_wconf 67' lang='lat' dir='ltr'>malefacere</span> <span class='ocrx_word' id='word_1_200' title='bbox 1215 2357 1298 2416; x_wconf 90' lang='lat' dir='ltr'>tau-</span> 
     </span>
     <span class='ocr_line' id='line_1_24' title="bbox 191 2431 1300 2525; baseline 0.005 -29"><span class='ocrx_word' id='word_1_201' title='bbox 191 2431 360 2497; x_wconf 85' lang='lat' dir='ltr'>tummodo</span> <span class='ocrx_word' id='word_1_202' title='bbox 382 2433 609 2502; x_wconf 82' lang='lat' dir='ltr'>observaverit</span> <span class='ocrx_word' id='word_1_203' title='bbox 629 2459 669 2503; x_wconf 84' lang='lat' dir='ltr'>ex</span> <span class='ocrx_word' id='word_1_204' title='bbox 690 2458 794 2525; x_wconf 86' lang='lat' dir='ltr'>eaque</span> <span class='ocrx_word' id='word_1_205' title='bbox 818 2437 983 2504; x_wconf 77' lang='lat' dir='ltr'>sententib</span> <span class='ocrx_word' id='word_1_206' title='bbox 1002 2438 1198 2525; x_wconf 78' lang='lat' dir='ltr'>satisfacere</span> <span class='ocrx_word' id='word_1_207' title='bbox 1218 2435 1249 2502; x_wconf 82' lang='lat' dir='ltr'>ie</span> <span class='ocrx_word' id='word_1_208' title='bbox 1269 2435 1300 2502; x_wconf 83' lang='lat' dir='ltr'>is</span> 
     </span>
     <span class='ocr_line' id='line_1_25' title="bbox 188 2518 1299 2611; baseline 0.007 -30"><span class='ocrx_word' id='word_1_209' title='bbox 188 2535 270 2582; x_wconf 90' lang='lat' dir='ltr'>mus.</span> <span class='ocrx_word' id='word_1_210' title='bbox 282 2523 315 2584; x_wconf 91' lang='lat' dir='ltr'>ct</span> <span class='ocrx_word' id='word_1_211' title='bbox 329 2518 509 2586; x_wconf 83' lang='lat' dir='ltr'>interdictis</span> <span class='ocrx_word' id='word_1_212' title='bbox 524 2527 555 2586; x_wconf 90' lang='lat' dir='ltr'>et</span> <span class='ocrx_word' id='word_1_213' title='bbox 568 2525 752 2607; x_wconf 76' lang='lat' dir='ltr'>praeceptis</span> <span class='ocrx_word' id='word_1_214' title='bbox 763 2523 817 2611; x_wconf 82' lang='lat' dir='ltr'>qui</span> <span class='ocrx_word' id='word_1_215' title='bbox 838 2524 985 2610; x_wconf 68' lang='lat' dir='ltr'>diligant</span> <span class='ocrx_word' id='word_1_216' title='bbox 994 2521 1183 2608; x_wconf 80' lang='lat' dir='ltr'>collegerit.</span> <span class='ocrx_word' id='word_1_217' title='bbox 1262 2542 1299 2589; x_wconf 82' lang='lat' dir='ltr'>e·</span> 
     </span>
     <span class='ocr_line' id='line_1_26' title="bbox 189 2599 1297 2698; baseline 0.006 -33"><span class='ocrx_word' id='word_1_218' title='bbox 189 2601 258 2666; x_wconf 91' lang='lat' dir='ltr'>lius</span> <span class='ocrx_word' id='word_1_219' title='bbox 287 2623 366 2666; x_wconf 85' lang='lat' dir='ltr'>sane</span> <span class='ocrx_word' id='word_1_220' title='bbox 387 2605 486 2668; x_wconf 89' lang='lat' dir='ltr'>Pauli</span> <span class='ocrx_word' id='word_1_221' title='bbox 514 2609 833 2691; x_wconf 80' lang='lat' dir='ltr'>argumentationem</span> <span class='ocrx_word' id='word_1_222' title='bbox 856 2607 1054 2698; x_wconf 79' lang='lat' dir='ltr'>procedere,</span> <span class='ocrx_word' id='word_1_223' title='bbox 1085 2609 1119 2674; x_wconf 83' lang='lat' dir='ltr'>si</span> <span class='ocrx_word' id='word_1_224' title='bbox 1146 2606 1248 2675; x_wconf 86' lang='lat' dir='ltr'>verba</span> <span class='ocrx_word' id='word_1_225' title='bbox 1268 2599 1297 2694; x_wconf 74' lang='grc' dir='ltr'><em>ἦ</em></span> 
     </span>
    </p>
   </div>
   <div class='ocr_carea' id='block_1_10' title="bbox 64 2681 1301 2781">
    <p class='ocr_par' dir='ltr' id='par_1_10' title="bbox 64 2681 1301 2781">
     <span class='ocr_line' id='line_1_27' title="bbox 64 2681 1301 2781; baseline 0.003 -29"><span class='ocrx_word' id='word_1_226' title='bbox 64 2699 74 2758; x_wconf 72' lang='grc' dir='ltr'>ἶ</span> <span class='ocrx_word' id='word_1_227' title='bbox 189 2681 308 2776; x_wconf 88' lang='grc' dir='ltr'><strong><em>ἀγάπη</em></strong></span> <span class='ocrx_word' id='word_1_228' title='bbox 319 2686 367 2772; x_wconf 75' lang='grc' dir='ltr'>τῷ</span> <span class='ocrx_word' id='word_1_229' title='bbox 383 2685 528 2776; x_wconf 80' lang='grc' dir='ltr'><strong><em>πλησίον</em></strong></span> <span class='ocrx_word' id='word_1_230' title='bbox 547 2688 650 2757; x_wconf 79' lang='grc' dir='ltr'><strong><em>κακὸν</em></strong></span> <span class='ocrx_word' id='word_1_231' title='bbox 669 2691 732 2758; x_wconf 76' lang='lat' dir='ltr'>ode</span> <span class='ocrx_word' id='word_1_232' title='bbox 752 2691 927 2780; x_wconf 72' lang='grc' dir='ltr'><strong><em>ἐργάζεται</em></strong></span> <span class='ocrx_word' id='word_1_233' title='bbox 949 2692 1126 2763; x_wconf 86' lang='lat' dir='ltr'>deleveris.</span> <span class='ocrx_word' id='word_1_234' title='bbox 1170 2691 1301 2781; x_wconf 83' lang='lat' dir='ltr'>Super·</span> 
     </span>
    </p>
   </div>
   <div class='ocr_carea' id='block_1_11' title="bbox 157 2757 1402 3568">
    <p class='ocr_par' dir='ltr' id='par_1_11' title="bbox 157 2757 1402 3568">
     <span class='ocr_line' id='line_1_28' title="bbox 189 2757 1402 2865; baseline 0.007 -30"><span class='ocrx_word' id='word_1_235' title='bbox 189 2793 287 2858; x_wconf 83' lang='lat' dir='ltr'>quarn</span> <span class='ocrx_word' id='word_1_236' title='bbox 304 2771 393 2860; x_wconf 90' lang='lat' dir='ltr'>quod</span> <span class='ocrx_word' id='word_1_237' title='bbox 411 2774 455 2840; x_wconf 89' lang='lat' dir='ltr'>V.</span> <span class='ocrx_word' id='word_1_238' title='bbox 470 2776 517 2844; x_wconf 87' lang='lat' dir='ltr'>D.</span> <span class='ocrx_word' id='word_1_239' title='bbox 532 2797 562 2844; x_wconf 90' lang='lat' dir='ltr'>v.</span> <span class='ocrx_word' id='word_1_240' title='bbox 576 2799 609 2846; x_wconf 89' lang='lat' dir='ltr'>v.</span> <span class='ocrx_word' id='word_1_241' title='bbox 621 2779 654 2848; x_wconf 84' lang='lat'>9.</span> <span class='ocrx_word' id='word_1_242' title='bbox 667 2781 724 2845; x_wconf 83' lang='grc' dir='ltr'>καὶ</span> <span class='ocrx_word' id='word_1_243' title='bbox 738 2774 773 2844; x_wconf 78' lang='lat' dir='ltr'>si&#39;</span> <span class='ocrx_word' id='word_1_244' title='bbox 781 2802 834 2856; x_wconf 87' lang='grc' dir='ltr'>τις</span> <span class='ocrx_word' id='word_1_245' title='bbox 846 2775 945 2865; x_wconf 79' lang='grc' dir='ltr'><strong><em>ἑτέρα</em></strong></span> <span class='ocrx_word' id='word_1_246' title='bbox 960 2775 1077 2865; x_wconf 78' lang='grc' dir='ltr'><strong><em>ἐντολή</em></strong></span> <span class='ocrx_word' id='word_1_247' title='bbox 1091 2777 1177 2843; x_wconf 89' lang='lat' dir='ltr'>male</span> <span class='ocrx_word' id='word_1_248' title='bbox 1192 2799 1298 2844; x_wconf 88' lang='lat' dir='ltr'>enar-</span> <span class='ocrx_word' id='word_1_249' title='bbox 1349 2849 1361 2862; x_wconf 24' lang='lat' dir='ltr'>g</span> <span class='ocrx_word' id='word_1_250' title='bbox 1398 2757 1402 2784; x_wconf 65' lang='lat'><strong>¹</strong></span> 
     </span>
     <span class='ocr_line' id='line_1_29' title="bbox 189 2858 1297 2946; baseline 0.01 -24"><span class='ocrx_word' id='word_1_251' title='bbox 189 2859 296 2938; x_wconf 85' lang='lat' dir='ltr'>ravit,</span> <span class='ocrx_word' id='word_1_252' title='bbox 323 2858 454 2925; x_wconf 80' lang='lat' dir='ltr'>futilem</span> <span class='ocrx_word' id='word_1_253' title='bbox 479 2861 604 2928; x_wconf 85' lang='lat' dir='ltr'>codicis</span> <span class='ocrx_word' id='word_1_254' title='bbox 617 2865 662 2932; x_wconf 77' lang='lat' dir='ltr'>A.</span> <span class='ocrx_word' id='word_1_255' title='bbox 683 2865 860 2930; x_wconf 81' lang='lat' dir='ltr'>lectionem</span> <span class='ocrx_word' id='word_1_256' title='bbox 880 2873 1006 2946; x_wconf 88' lang='lat' dir='ltr'>temero</span> <span class='ocrx_word' id='word_1_257' title='bbox 1026 2866 1210 2930; x_wconf 85' lang='lat' dir='ltr'>admiratos</span> <span class='ocrx_word' id='word_1_258' title='bbox 1231 2870 1297 2933; x_wconf 86' lang='lat' dir='ltr'>est.</span> 
     </span>
     <span class='ocr_line' id='line_1_30' title="bbox 186 2941 1298 3038; baseline 0.005 -31"><span class='ocrx_word' id='word_1_259' title='bbox 186 2941 275 3008; x_wconf 84' lang='lat' dir='ltr'>Nam</span> <span class='ocrx_word' id='word_1_260' title='bbox 288 2943 486 3012; x_wconf 85' lang='lat' dir='ltr'>exciderunt</span> <span class='ocrx_word' id='word_1_261' title='bbox 499 2968 531 3016; x_wconf 86' lang='lat' dir='ltr'>v.</span> <span class='ocrx_word' id='word_1_262' title='bbox 548 2941 569 3034; x_wconf 81' lang='grc' dir='ltr'><em>ἦ</em></span> <span class='ocrx_word' id='word_1_263' title='bbox 591 2945 707 3037; x_wconf 90' lang='grc' dir='ltr'><strong><em>ἀγάπη</em></strong></span> <span class='ocrx_word' id='word_1_264' title='bbox 726 2949 774 3036; x_wconf 77' lang='grc' dir='ltr'>τῷ</span> <span class='ocrx_word' id='word_1_265' title='bbox 792 2948 937 3038; x_wconf 79' lang='grc' dir='ltr'><strong><em>πλησίον</em></strong></span> <span class='ocrx_word' id='word_1_266' title='bbox 957 2948 1059 3016; x_wconf 81' lang='grc' dir='ltr'><strong><em>κακὸν</em></strong></span> <span class='ocrx_word' id='word_1_267' title='bbox 1075 2945 1135 3016; x_wconf 79' lang='lat' dir='ltr'>oda</span> <span class='ocrx_word' id='word_1_268' title='bbox 1156 2948 1260 3034; x_wconf 86' lang='grc' dir='ltr'><strong><em>ἐργάζ</em></strong></span> <span class='ocrx_word' id='word_1_269' title='bbox 1275 2985 1298 3000; x_wconf 86' lang='grc'>-</span> 
     </span>
     <span class='ocr_line' id='line_1_31' title="bbox 183 3043 1295 3138; baseline 0.01 -28"><span class='ocrx_word' id='word_1_270' title='bbox 183 3068 258 3122; x_wconf 87' lang='grc' dir='ltr'><strong><em>ται,</em></strong></span> <span class='ocrx_word' id='word_1_271' title='bbox 281 3043 370 3132; x_wconf 81' lang='grc' dir='ltr'><strong><em>ηιιοά</em></strong></span> <span class='ocrx_word' id='word_1_272' title='bbox 386 3047 548 3113; x_wconf 85' lang='lat' dir='ltr'>librarius</span> <span class='ocrx_word' id='word_1_273' title='bbox 564 3050 605 3110; x_wconf 91' lang='lat' dir='ltr'><strong><em>H</em></strong></span> <span class='ocrx_word' id='word_1_274' title='bbox 613 3057 691 3114; x_wconf 87' lang='lat' dir='ltr'>ante</span> <span class='ocrx_word' id='word_1_275' title='bbox 707 3045 821 3138; x_wconf 90' lang='grc' dir='ltr'><strong><em>ἀγάπη</em></strong></span> <span class='ocrx_word' id='word_1_276' title='bbox 841 3073 915 3118; x_wconf 86' lang='lat' dir='ltr'>ounr</span> <span class='ocrx_word' id='word_1_277' title='bbox 931 3043 1115 3137; x_wconf 81' lang='grc' dir='ltr'><strong><em>Πλήρωμα</em></strong></span> <span class='ocrx_word' id='word_1_278' title='bbox 1129 3051 1295 3122; x_wconf 77' lang='lat' dir='ltr'>confodit.</span> 
     </span>
     <span class='ocr_line' id='line_1_32' title="bbox 186 3131 1298 3224; baseline 0.006 -27"><span class='ocrx_word' id='word_1_279' title='bbox 186 3131 443 3218; x_wconf 68' lang='lat' dir='ltr'>Gdrmmtnmm,</span> <span class='ocrx_word' id='word_1_280' title='bbox 484 3133 750 3216; x_wconf 72' lang='lat' dir='ltr'>Theopbyloctas,</span> <span class='ocrx_word' id='word_1_281' title='bbox 764 3137 890 3223; x_wconf 83' lang='lat' dir='ltr'>aliique</span> <span class='ocrx_word' id='word_1_282' title='bbox 909 3138 1051 3203; x_wconf 86' lang='lat' dir='ltr'>Paulum</span> <span class='ocrx_word' id='word_1_283' title='bbox 1074 3137 1132 3224; x_wconf 86' lang='lat' dir='ltr'>qui</span> <span class='ocrx_word' id='word_1_284' title='bbox 1151 3136 1298 3220; x_wconf 86' lang='lat' dir='ltr'>diligunt</span> 
     </span>
     <span class='ocr_line' id='line_1_33' title="bbox 163 3216 1297 3336; baseline 0.009 -56"><span class='ocrx_word' id='word_1_285' title='bbox 163 3299 167 3303; x_wconf 84' lang='lat'><em>.</em></span> <span class='ocrx_word' id='word_1_286' title='bbox 184 3237 243 3281; x_wconf 88' lang='lat' dir='ltr'>eos</span> <span class='ocrx_word' id='word_1_287' title='bbox 259 3217 320 3280; x_wconf 88' lang='lat' dir='ltr'>toti</span> <span class='ocrx_word' id='word_1_288' title='bbox 335 3216 439 3281; x_wconf 83' lang='lat' dir='ltr'>llosis</span> <span class='ocrx_word' id='word_1_289' title='bbox 453 3218 521 3300; x_wconf 82' lang='lat' dir='ltr'>legi</span> <span class='ocrx_word' id='word_1_290' title='bbox 537 3220 732 3282; x_wconf 84' lang='lat' dir='ltr'>satisfacere</span> <span class='ocrx_word' id='word_1_291' title='bbox 748 3220 782 3288; x_wconf 89' lang='lat' dir='ltr'>b.</span> <span class='ocrx_word' id='word_1_292' title='bbox 798 3221 824 3291; x_wconf 86' lang='lat'>1.</span> <span class='ocrx_word' id='word_1_293' title='bbox 840 3221 1013 3287; x_wconf 88' lang='lat' dir='ltr'>ostendere</span> <span class='ocrx_word' id='word_1_294' title='bbox 1025 3228 1060 3287; x_wconf 87' lang='lat' dir='ltr'>et</span> <span class='ocrx_word' id='word_1_295' title='bbox 1080 3221 1146 3312; x_wconf 80' lang='lat' dir='ltr'>ipsi</span> <span class='ocrx_word' id='word_1_296' title='bbox 1165 3223 1297 3336; x_wconf 59' lang='lat' dir='ltr'>opinati</span> 
     </span>
     <span class='ocr_line' id='line_1_34' title="bbox 183 3300 1295 3395; baseline 0.007 -30"><span class='ocrx_word' id='word_1_297' title='bbox 183 3322 242 3366; x_wconf 89' lang='lat' dir='ltr'>eos</span> <span class='ocrx_word' id='word_1_298' title='bbox 271 3300 329 3387; x_wconf 89' lang='lat' dir='ltr'>qui</span> <span class='ocrx_word' id='word_1_299' title='bbox 356 3300 500 3386; x_wconf 87' lang='lat' dir='ltr'>diligant</span> <span class='ocrx_word' id='word_1_300' title='bbox 520 3309 588 3366; x_wconf 88' lang='lat' dir='ltr'>tum</span> <span class='ocrx_word' id='word_1_301' title='bbox 616 3325 634 3367; x_wconf 90' lang='lat' dir='ltr'>a</span> <span class='ocrx_word' id='word_1_302' title='bbox 662 3301 822 3372; x_wconf 86' lang='lat' dir='ltr'>dedecore</span> <span class='ocrx_word' id='word_1_303' title='bbox 847 3326 883 3372; x_wconf 86' lang='lat' dir='ltr'>se</span> <span class='ocrx_word' id='word_1_304' title='bbox 911 3307 1080 3372; x_wconf 86' lang='lat' dir='ltr'>abstinere</span> <span class='ocrx_word' id='word_1_305' title='bbox 1112 3305 1149 3394; x_wconf 76' lang='grc' dir='ltr'>(ἦ</span> <span class='ocrx_word' id='word_1_306' title='bbox 1178 3303 1295 3395; x_wconf 86' lang='grc' dir='ltr'><strong><em>αγάπη</em></strong></span> 
     </span>
     <span class='ocr_line' id='line_1_35' title="bbox 157 3382 1293 3485; baseline 0.008 -35"><span class='ocrx_word' id='word_1_307' title='bbox 157 3385 233 3469; x_wconf 38' lang='grc' dir='ltr'>,τῷ</span> <span class='ocrx_word' id='word_1_308' title='bbox 259 3382 403 3468; x_wconf 80' lang='grc' dir='ltr'><strong><em>πλησίον</em></strong></span> <span class='ocrx_word' id='word_1_309' title='bbox 428 3383 530 3452; x_wconf 84' lang='grc' dir='ltr'><strong><em>κακὸν</em></strong></span> <span class='ocrx_word' id='word_1_310' title='bbox 558 3384 618 3451; x_wconf 78' lang='lat' dir='ltr'>ode</span> <span class='ocrx_word' id='word_1_311' title='bbox 638 3384 849 3473; x_wconf 77' lang='grc' dir='ltr'><strong><em>ἐργάζεται),</em></strong></span> <span class='ocrx_word' id='word_1_312' title='bbox 878 3399 948 3455; x_wconf 84' lang='lat' dir='ltr'>turn</span> <span class='ocrx_word' id='word_1_313' title='bbox 971 3392 1136 3458; x_wconf 85' lang='lat' dir='ltr'>honestati</span> <span class='ocrx_word' id='word_1_314' title='bbox 1156 3414 1293 3485; x_wconf 84' lang='lat' dir='ltr'>operam</span> 
     </span>
     <span class='ocr_line' id='line_1_36' title="bbox 184 3467 1295 3568; baseline 0.009 -34"><span class='ocrx_word' id='word_1_315' title='bbox 184 3470 266 3534; x_wconf 91' lang='lat' dir='ltr'>dare</span> <span class='ocrx_word' id='word_1_316' title='bbox 299 3469 483 3553; x_wconf 79' lang='grc' dir='ltr'><strong><em>(πλήρωμα</em></strong></span> <span class='ocrx_word' id='word_1_317' title='bbox 516 3471 621 3552; x_wconf 83' lang='grc' dir='ltr'><strong><em>νόμον</em></strong></span> <span class='ocrx_word' id='word_1_318' title='bbox 655 3467 678 3559; x_wconf 81' lang='grc' dir='ltr'><em>ἦ</em></span> <span class='ocrx_word' id='word_1_319' title='bbox 712 3469 844 3562; x_wconf 90' lang='grc' dir='ltr'><strong><em>ἀγάπη)</em></strong></span> <span class='ocrx_word' id='word_1_320' title='bbox 873 3475 980 3543; x_wconf 87' lang='lat' dir='ltr'>Mosis</span> <span class='ocrx_word' id='word_1_321' title='bbox 1009 3478 1078 3559; x_wconf 86' lang='lat' dir='ltr'>legi</span> <span class='ocrx_word' id='word_1_322' title='bbox 1107 3479 1295 3568; x_wconf 85' lang='lat' dir='ltr'>obsequen·</span> 
     </span>
    </p>
   </div>
   <div class='ocr_carea' id='block_1_12' title="bbox 32 3547 1293 3656">
    <p class='ocr_par' dir='ltr' id='par_1_12' title="bbox 32 3547 1293 3656">
     <span class='ocr_line' id='line_1_37' title="bbox 32 3547 1293 3656; baseline 0.01 -36"><span class='ocrx_word' id='word_1_323' title='bbox 32 3560 43 3580; x_wconf 92' lang='lat'><em>&#39;</em></span> <span class='ocrx_word' id='word_1_324' title='bbox 81 3547 91 3629; x_wconf 68' lang='lat' dir='ltr'>J</span> <span class='ocrx_word' id='word_1_325' title='bbox 184 3563 238 3620; x_wconf 91' lang='lat' dir='ltr'>tes</span> <span class='ocrx_word' id='word_1_326' title='bbox 260 3554 464 3656; x_wconf 69' lang='lat' dir='ltr'>Apostolum</span> <span class='ocrx_word' id='word_1_327' title='bbox 495 3555 546 3620; x_wconf 89' lang='lat' dir='ltr'>bie</span> <span class='ocrx_word' id='word_1_328' title='bbox 567 3578 734 3645; x_wconf 83' lang='lat' dir='ltr'>exponere</span> <span class='ocrx_word' id='word_1_329' title='bbox 758 3559 978 3651; x_wconf 81' lang='lat' dir='ltr'>affirmarunt.</span> <span class='ocrx_word' id='word_1_330' title='bbox 1029 3563 1293 3647; x_wconf 73' lang='lat' dir='ltr'>chrysostomos:</span> 
     </span>
    </p>
   </div>
   <div class='ocr_carea' id='block_1_13' title="bbox 105 3631 1346 4424">
    <p class='ocr_par' dir='ltr' id='par_1_13' title="bbox 105 3631 1346 4424">
     <span class='ocr_line' id='line_1_38' title="bbox 183 3631 1294 3735; baseline 0.01 -31"><span class='ocrx_word' id='word_1_331' title='bbox 183 3631 283 3716; x_wconf 80' lang='grc' dir='ltr'><strong><em>Εἶδες</em></strong></span> <span class='ocrx_word' id='word_1_332' title='bbox 296 3661 369 3715; x_wconf 78' lang='grc' dir='ltr'>πως</span> <span class='ocrx_word' id='word_1_333' title='bbox 382 3633 542 3724; x_wconf 57' lang='lat' dir='ltr'>{nucinas</span> <span class='ocrx_word' id='word_1_334' title='bbox 559 3635 628 3721; x_wconf 73' lang='grc' dir='ltr'><strong><em>ἔχει</em></strong></span> <span class='ocrx_word' id='word_1_335' title='bbox 643 3637 681 3730; x_wconf 81' lang='grc' dir='ltr'>(ἢ</span> <span class='ocrx_word' id='word_1_336' title='bbox 695 3636 829 3730; x_wconf 86' lang='grc' dir='ltr'><strong><em>ἀγάπη)</em></strong></span> <span class='ocrx_word' id='word_1_337' title='bbox 840 3643 903 3722; x_wconf 77' lang='grc' dir='ltr'>τάς</span> <span class='ocrx_word' id='word_1_338' title='bbox 924 3643 1062 3732; x_wconf 80' lang='grc' dir='ltr'><strong><em>ἀρετάς,</em></strong></span> <span class='ocrx_word' id='word_1_339' title='bbox 1088 3646 1152 3735; x_wconf 85' lang='grc' dir='ltr'>τήν</span> <span class='ocrx_word' id='word_1_340' title='bbox 1168 3674 1205 3717; x_wconf 86' lang='grc' dir='ltr'><strong><em>τε</em></strong></span> <span class='ocrx_word' id='word_1_341' title='bbox 1225 3659 1294 3718; x_wconf 78' lang='lat' dir='ltr'>suiv</span> 
     </span>
     <span class='ocr_line' id='line_1_39' title="bbox 184 3718 1296 3843; baseline 0.012 -55"><span class='ocrx_word' id='word_1_342' title='bbox 184 3725 294 3790; x_wconf 77' lang='grc' dir='ltr'><strong><em>κακῶν</em></strong></span> <span class='ocrx_word' id='word_1_343' title='bbox 308 3718 437 3811; x_wconf 76' lang='grc' dir='ltr'><strong><em>ἀποχην</em></strong></span> <span class='ocrx_word' id='word_1_344' title='bbox 453 3719 568 3809; x_wconf 74' lang='grc' dir='ltr'><strong><em>(κακόν</em></strong></span> <span class='ocrx_word' id='word_1_345' title='bbox 580 3724 806 3832; x_wconf 76' lang='grc' dir='ltr'><strong><em>γάρ,ἠ)ησι“ν,</em></strong></span> <span class='ocrx_word' id='word_1_346' title='bbox 837 3725 899 3796; x_wconf 80' lang='lat' dir='ltr'>o&#39;s&#39;m</span> <span class='ocrx_word' id='word_1_347' title='bbox 920 3729 1129 3818; x_wconf 73' lang='grc' dir='ltr'><strong><em>ἐργάζεται),</em></strong></span> <span class='ocrx_word' id='word_1_348' title='bbox 1157 3737 1214 3803; x_wconf 84' lang='grc' dir='ltr'>καὶ</span> <span class='ocrx_word' id='word_1_349' title='bbox 1233 3737 1296 3843; x_wconf 74' lang='grc' dir='ltr'>την</span> 
     </span>
     <span class='ocr_line' id='line_1_40' title="bbox 182 3803 1346 3921; baseline 0.007 -46"><span class='ocrx_word' id='word_1_350' title='bbox 182 3810 248 3875; x_wconf 79' lang='grc' dir='ltr'>τάν</span> <span class='ocrx_word' id='word_1_351' title='bbox 266 3803 407 3914; x_wconf 76' lang='grc' dir='ltr'><strong><em>ἀγαθῶν</em></strong></span> <span class='ocrx_word' id='word_1_352' title='bbox 427 3806 600 3898; x_wconf 81' lang='grc' dir='ltr'><strong><em>ἐργασίαν·</em></strong></span> <span class='ocrx_word' id='word_1_353' title='bbox 630 3813 800 3898; x_wconf 77' lang='grc' dir='ltr'><strong><em>πληρωμα</em></strong></span> <span class='ocrx_word' id='word_1_354' title='bbox 826 3813 891 3902; x_wconf 85' lang='grc' dir='ltr'>γὰρ</span> <span class='ocrx_word' id='word_1_355' title='bbox 909 3818 1031 3897; x_wconf 84' lang='grc' dir='ltr'><strong><em>νόμου,</em></strong></span> <span class='ocrx_word' id='word_1_356' title='bbox 1061 3823 1183 3921; x_wconf 76' lang='grc' dir='ltr'><strong><em>φησιν,</em></strong></span> <span class='ocrx_word' id='word_1_357' title='bbox 1202 3819 1294 3888; x_wconf 76' lang='grc' dir='ltr'><strong><em>ἔστιν</em></strong></span> <span class='ocrx_word' id='word_1_358' title='bbox 1344 3877 1346 3883; x_wconf 36' lang='lat'><em>2</em></span> 
     </span>
     <span class='ocr_line' id='line_1_41' title="bbox 162 3893 1294 4010; baseline 0.013 -53"><span class='ocrx_word' id='word_1_359' title='bbox 162 3901 216 3962; x_wconf 87' lang='grc' dir='ltr'>’κ.</span> <span class='ocrx_word' id='word_1_360' title='bbox 236 3917 265 3962; x_wconf 91' lang='grc' dir='ltr'>τ.</span> <span class='ocrx_word' id='word_1_361' title='bbox 287 3919 324 3990; x_wconf 52' lang='grc' dir='ltr'><strong><em>ει.</em></strong></span> <span class='ocrx_word' id='word_1_362' title='bbox 369 3895 461 3960; x_wconf 81' lang='lat' dir='ltr'>Haeo</span> <span class='ocrx_word' id='word_1_363' title='bbox 481 3893 594 4010; x_wconf 65' lang='lat' dir='ltr'>opinio</span> <span class='ocrx_word' id='word_1_364' title='bbox 613 3897 759 3962; x_wconf 83' lang='lat' dir='ltr'>absurda</span> <span class='ocrx_word' id='word_1_365' title='bbox 779 3904 845 3970; x_wconf 72' lang='lat' dir='ltr'>est·</span> <span class='ocrx_word' id='word_1_366' title='bbox 893 3899 1035 3968; x_wconf 83' lang='lat' dir='ltr'>Coufioit</span> <span class='ocrx_word' id='word_1_367' title='bbox 1055 3925 1143 3970; x_wconf 87' lang='lat' dir='ltr'>ennn</span> <span class='ocrx_word' id='word_1_368' title='bbox 1163 3908 1294 3973; x_wconf 89' lang='lat' dir='ltr'>Paulos</span> 
     </span>
     <span class='ocr_line' id='line_1_42' title="bbox 182 3994 1293 4088; baseline 0.012 -26"><span class='ocrx_word' id='word_1_369' title='bbox 182 3995 294 4062; x_wconf 84' lang='lat' dir='ltr'>verbis</span> <span class='ocrx_word' id='word_1_370' title='bbox 311 3995 480 4082; x_wconf 71' lang='grc' dir='ltr'><strong><em>πλήρωμα</em></strong></span> <span class='ocrx_word' id='word_1_371' title='bbox 493 4011 561 4057; x_wconf 87' lang='grc' dir='ltr'>ουν</span> <span class='ocrx_word' id='word_1_372' title='bbox 574 3995 680 4078; x_wconf 80' lang='grc' dir='ltr'><strong><em>νόμον</em></strong></span> <span class='ocrx_word' id='word_1_373' title='bbox 695 3996 714 4084; x_wconf 74' lang='grc' dir='ltr'><em>ἦ</em></span> <span class='ocrx_word' id='word_1_374' title='bbox 729 3994 844 4086; x_wconf 81' lang='grc' dir='ltr'><strong><em>ἀγάπη</em></strong></span> <span class='ocrx_word' id='word_1_375' title='bbox 859 4021 977 4088; x_wconf 80' lang='lat' dir='ltr'>queue</span> <span class='ocrx_word' id='word_1_376' title='bbox 1015 4005 1293 4074; x_wconf 87' lang='lat' dir='ltr'>raecedentesen·</span> 
     </span>
     <span class='ocr_line' id='line_1_43' title="bbox 182 4023 1292 4180; baseline 0.016 -37"><span class='ocrx_word' id='word_1_377' title='bbox 182 4080 287 4144; x_wconf 79' lang='lat' dir='ltr'>tentis</span> <span class='ocrx_word' id='word_1_378' title='bbox 305 4075 325 4166; x_wconf 80' lang='grc' dir='ltr'><em>ἦ</em></span> <span class='ocrx_word' id='word_1_379' title='bbox 342 4076 456 4166; x_wconf 86' lang='grc' dir='ltr'><strong><em>ἀγάπη</em></strong></span> <span class='ocrx_word' id='word_1_380' title='bbox 470 4083 518 4168; x_wconf 77' lang='grc' dir='ltr'>τῷ</span> <span class='ocrx_word' id='word_1_381' title='bbox 539 4079 684 4168; x_wconf 77' lang='grc' dir='ltr'><strong><em>πλησίον</em></strong></span> <span class='ocrx_word' id='word_1_382' title='bbox 704 4081 805 4148; x_wconf 83' lang='grc' dir='ltr'><strong><em>κακὸν</em></strong></span> <span class='ocrx_word' id='word_1_383' title='bbox 825 4082 886 4151; x_wconf 77' lang='lat' dir='ltr'>oda</span> <span class='ocrx_word' id='word_1_384' title='bbox 907 4023 1099 4172; x_wconf 72' lang='grc' dir='ltr'><strong><em>ἐργάζεται,</em></strong></span> <span class='ocrx_word' id='word_1_385' title='bbox 1128 4093 1194 4180; x_wconf 77' lang='lat' dir='ltr'>que</span> <span class='ocrx_word' id='word_1_386' title='bbox 1212 4103 1292 4161; x_wconf 87' lang='lat' dir='ltr'>ante</span> 
     </span>
     <span class='ocr_line' id='line_1_44' title="bbox 183 4162 1292 4261; baseline 0.016 -34"><span class='ocrx_word' id='word_1_387' title='bbox 183 4162 272 4229; x_wconf 87' lang='lat' dir='ltr'>dicta</span> <span class='ocrx_word' id='word_1_388' title='bbox 287 4168 365 4248; x_wconf 84' lang='lat' dir='ltr'>(vs.·</span> <span class='ocrx_word' id='word_1_389' title='bbox 373 4168 426 4250; x_wconf 83' lang='lat'>9.)</span> <span class='ocrx_word' id='word_1_390' title='bbox 441 4169 630 4255; x_wconf 77' lang='lat' dir='ltr'>complexus</span> <span class='ocrx_word' id='word_1_391' title='bbox 650 4175 704 4233; x_wconf 86' lang='lat' dir='ltr'>est</span> <span class='ocrx_word' id='word_1_392' title='bbox 722 4171 911 4237; x_wconf 79' lang='lat' dir='ltr'>necessario</span> <span class='ocrx_word' id='word_1_393' title='bbox 929 4187 1196 4261; x_wconf 82' lang='lat' dir='ltr'>consequantur,</span> <span class='ocrx_word' id='word_1_394' title='bbox 1223 4200 1292 4246; x_wconf 91' lang='lat' dir='ltr'>non</span> 
     </span>
     <span class='ocr_line' id='line_1_45' title="bbox 105 4249 1292 4346; baseline 0.017 -35"><span class='ocrx_word' id='word_1_395' title='bbox 105 4301 110 4317; x_wconf 76' lang='grc'><em>,</em></span> <span class='ocrx_word' id='word_1_396' title='bbox 182 4269 298 4313; x_wconf 87' lang='lat' dir='ltr'>novam</span> <span class='ocrx_word' id='word_1_397' title='bbox 314 4269 385 4316; x_wconf 83' lang='lat' dir='ltr'>rem</span> <span class='ocrx_word' id='word_1_398' title='bbox 400 4249 552 4339; x_wconf 84' lang='lat' dir='ltr'>adjungit</span> <span class='ocrx_word' id='word_1_399' title='bbox 603 4273 700 4338; x_wconf 83' lang='lat' dir='ltr'>quarn</span> <span class='ocrx_word' id='word_1_400' title='bbox 713 4261 891 4338; x_wconf 83' lang='lat' dir='ltr'>amantes,</span> <span class='ocrx_word' id='word_1_401' title='bbox 918 4265 957 4322; x_wconf 90' lang='lat' dir='ltr'>ot</span> <span class='ocrx_word' id='word_1_402' title='bbox 976 4258 1083 4326; x_wconf 87' lang='lat' dir='ltr'>Musis</span> <span class='ocrx_word' id='word_1_403' title='bbox 1102 4263 1209 4346; x_wconf 86' lang='lat' dir='ltr'>legem</span> <span class='ocrx_word' id='word_1_404' title='bbox 1229 4264 1292 4330; x_wconf 91' lang='lat' dir='ltr'>ob·</span> 
     </span>
     <span class='ocr_line' id='line_1_46' title="bbox 110 4300 1292 4424; baseline 0.017 -26"><span class='ocrx_word' id='word_1_405' title='bbox 110 4345 112 4360; x_wconf 79' lang='lat'><strong>¹</strong></span> <span class='ocrx_word' id='word_1_406' title='bbox 186 4342 336 4416; x_wconf 84' lang='lat' dir='ltr'>servent,</span> <span class='ocrx_word' id='word_1_407' title='bbox 364 4335 497 4403; x_wconf 85' lang='lat' dir='ltr'>iaciant.</span> <span class='ocrx_word' id='word_1_408' title='bbox 546 4300 681 4404; x_wconf 69' lang='lat' dir='ltr'>(iertum</span> <span class='ocrx_word' id='word_1_409' title='bbox 703 4344 756 4403; x_wconf 87' lang='lat' dir='ltr'>est</span> <span class='ocrx_word' id='word_1_410' title='bbox 775 4339 879 4424; x_wconf 85' lang='lat' dir='ltr'>igitur</span> <span class='ocrx_word' id='word_1_411' title='bbox 900 4343 1041 4409; x_wconf 87' lang='lat' dir='ltr'>Paulum</span> <span class='ocrx_word' id='word_1_412' title='bbox 1065 4346 1126 4412; x_wconf 93' lang='lat' dir='ltr'>boc</span> <span class='ocrx_word' id='word_1_413' title='bbox 1146 4347 1292 4418; x_wconf 82' lang='lat' dir='ltr'>dixisse:</span> 
     </span>
    </p>
   </div>
   <div class='ocr_carea' id='block_1_14' title="bbox 183 4417 1290 4520">
    <p class='ocr_par' dir='ltr' id='par_1_14' title="bbox 183 4417 1290 4520">
     <span class='ocr_line' id='line_1_47' title="bbox 183 4417 1290 4520; baseline 0.018 -36"><span class='ocrx_word' id='word_1_414' title='bbox 183 4420 241 4506; x_wconf 85' lang='lat' dir='ltr'>qui</span> <span class='ocrx_word' id='word_1_415' title='bbox 268 4417 411 4506; x_wconf 88' lang='lat' dir='ltr'>diligant</span> <span class='ocrx_word' id='word_1_416' title='bbox 436 4421 506 4508; x_wconf 84' lang='lat' dir='ltr'>legl</span> <span class='ocrx_word' id='word_1_417' title='bbox 533 4422 697 4489; x_wconf 81' lang='lat' dir='ltr'>mosaicae</span> <span class='ocrx_word' id='word_1_418' title='bbox 723 4431 859 4493; x_wconf 78' lang='lat' dir='ltr'>aetenae</span> <span class='ocrx_word' id='word_1_419' title='bbox 886 4427 1097 4517; x_wconf 79' lang='lat' dir='ltr'>satisfacere,</span> <span class='ocrx_word' id='word_1_420' title='bbox 1124 4443 1290 4520; x_wconf 86' lang='lat' dir='ltr'>quatenus</span> 
     </span>
    </p>
   </div>
   <div class='ocr_carea' id='block_1_15' title="bbox 0 0 1408 5013">
    <p class='ocr_par' dir='ltr' id='par_1_15' title="bbox 0 0 1408 5013">
     <span class='ocr_line' id='line_1_48' title="bbox 0 0 1408 5013; baseline 0 0"><span class='ocrx_word' id='word_1_421' title='bbox 0 0 1408 5013; x_wconf 95' lang='lat' dir='ltr'> </span> 
     </span>
    </p>
   </div>
  </div>
 </body>
</html>
