2776 5018
425 325 669 452 axexxr.
712 375 783 450 re.
807 379 870 449 ιο..
951 421 954 429 -
1015 339 1017 344 ’
1131 377 1198 448 sor

96 533 185 624 Eph.
199 532 300 617 2,8.).
343 530 471 600 Nostra
485 531 830 635 ihterpretatlenerrir
851 531 1076 620 transcedens,
1100 529 1199 684 cipp·-

96 643 156 702 νης
179 627 213 690 et
232 619 338 702 χαρᾶς
356 617 391 684 ἐν
408 618 573 697 πνεύμασι
595 641 659 683 mm
679 621 819 702 elevari,
843 618 1115 707 'quandoquidem
1137 619 1198 684 ila
1239 655 1245 664 ·
1381 623 1382 654 ³

95 705 150 770 his
165 704 251 770 nihil
266 703 407 790 tribuat,
434 706 500 770 nisi
520 713 557 770 ut
578 706 646 771 sint
664 712 817 771 aeternae
836 705 1009 770 felicitatis
1029 704 1200 792 praesidia

96 786 271 856 maledW.
289 788 451 855 obtendit.
496 787 582 854 Nam
604 791 684 855 dare
705 792 814 856 Deum
837 789 1072 878 sempiternam
1095 790 1199 854 heati-

25 946 28 956 ,
94 877 197 940 tate'm
214 873 330 958 probis
352 874 466 1026 hssom·
486 874 615 960 alc),
643 877 807 960 denegare
830 875 991 964 improbis
1009 877 1045 962 (1
1065 873 1143 942 cor.
1164 877 1199 956 6,

94 962 130 1027 9.
146 959 344 1046 sq.Ga1.⁵‚
377 963 405 1024 1.
426 955 615 1046 apulsa)
634 979 868 1050 saepenumero
882 966 920 1028 P.
943 961 1121 1026 allirmavit
1142 981 1199 1024 ne·

95 1065 161 1132 que
176 1045 202 1110 ii
219 1065 350 1126 sumus,
372 1046 431 1132 qcri
445 1045 526 1110 hacc
543 1066 639 1110 unam
660 1048 703 1112 ob
727 1066 814 1125 rem,
844 1054 881 1112 ut
900 1046 934 1110 in
955 1045 1098 1112 Moesiae
1119 1045 1224 1110 ciri·.

94 1139 198 1194 tatem
221 1129 438 1218 recipiamur,
466 1130 689 1210 innocentiae,
718 1131 964 1198 concordiaeet
984 1131 1086 1195 animi
1108 1151 1201 1196 sere·

95 1216 197 1280 nitati
209 1236 343 1302 operam
360 1215 498 1280 dandam
515 1237 589 1282 esse
603 1217 806 1304 Apostolum
829 1219 882 1281 hto
900 1214 1024 1282 dixisse
1043 1215 1200 1281 delenda-

95 1321 184 1368 mus.
205 1299 305 1388 Quod
319 1299 593 1382 autemMeyerus
606 1313 639 1366 et
653 1323 683 1369 v.
698 1323 746 1368 vs.
762 1305 815 1369 17.
832 1299 916 1366 dhhd
932 1295 1124 1384 δικαιοσύνη
1134 1295 1200 1367 aad.

3 1423 4 1442 2
97 1393 132 1450 et
143 1406 274 1452 versum
290 1386 342 1453 18.
359 1393 492 1450 nestrae
506 1385 773 1474 interpretationi
789 1385 954 1470 refragari
967 1386 1152 1466 contendit,
1167 1385 1202 1450 id

98 1472 198 1560 qrrale
215 1473 337 1535 sitnon
355 1471 516 1552 intelligo.
559 1471 656 1536 Multi
673 1472 893 1562 explicatores
907 1473 948 1558 τῆ
965 1469 1123 1558 βασιλείᾳ
1141 1471 1204 1535 τού-

3 1583 5 1634 ς
97 1565 184 1620 θεοῦ
203 1560 401 1643 hic'qnoquc
415 1558 466 1620 rel
477 1554 654 1641 rellipicnis
667 1558 864 1640 christianae
880 1537 970 1644 (chr.
988 1557 1202 1634 Fr.Schraid.‚
1253 1578 1255 1587 ’

3 1638 5 1664 ²
92 1639 236 1728 Μύκοι,
257 1641 390 1727 Borp.),
415 1642 465 1706 rel
478 1642 633 1707 ecciesiae
645 1642 756 1708 christ.
772 1643 889 1728 (Wolf.
903 1643 962 1722 al.)
980 1641 1201 1726 significatum

97 1727 316 1805 effinxerunt,
346 1749 376 1792 v.
400 1725 524 1794 netad
547 1726 665 1794 Matth.
686 1727 758 1808 3‚2.
778 1751 813 1817 p.
835 1730 908 1793 111.
930 1749 996 1813 σοι.
1047 1725 1203 1806 Meyerus

105 1811 250 1893 Wolfiam
278 1810 428 1876 imitatus
455 1806 538 1876 hanc'
557 1813 810 1899 explicationem
832 1813 1025 1901 proposuit:
1050 1810 1203 1876 ecclcsiae

3 1917 5 1970 ι
99 1896 298 1962 christianae
314 1905 435 1962 erotema
451 1917 513 1960 non
527 1899 561 1960 in
584 1899 701 1963 edendo
722 1906 754 1962 et
775 1898 907 1964 bibendo
926 1900 1034 1982 posita
1057 1896 1204 1979 est,'-scd

3 2059 5 2068 y
98 1981 143 2028 -'-
156 1980 181 2045 i.
196 2001 227 2046 e.
243 2001 306 2044 non
321 2002 360 2045 eo
374 1982 512 2046 ecclesie
526 1981 642 2046 christ.
663 1983 776 2063 adest,
799 1983 887 2070 ‹puod
901 1982 1085 2050 Christiani
1105 1979 1205 2045 edrrnt

100 2071 138 2128 et
156 2064 287 2144 hibent,
316 2065 374 2129 sed
394 2087 451 2146 eo,
480 2064 567 2152 quod
589 2074 664 2131 etc..
716 2067 852 2134 Scilicet
872 2065 932 2153 τὴν
951 2062 1125 2148 coartatas
1143 2065 1205 2129 σού

3 2183 4 2190 1
85 2153 188 2226 ,θεοῦ
202 2149 275 2216 (iol.
289 2151 321 2230 l,
332 2152 383 2217 13.
400 2160 433 2216 et
449 2152 467 2215 l
483 2151 560 2216 Cor.
573 2153 664 2232 e‚20.
678 2154 843 2218 ecelesiam
856 2154 966 2226 christ.
980 2159 1095 2216 notare
1106 2149 1145 2215 V.
1157 2151 1204 2218 1).

3 2313 4 2316 Ἴ
101 2233 169 2299 sihi
182 2245 407 2321 persuaserat.
450 2239 502 2302 At
518 2236 589 2302 Col.
606 2239 635 2316 l,
646 2238 695 2301 13.
712 2237 819 2304 Deum
834 2259 894 2305 nos
909 2259 971 2302 non
988 2257 1044 2314 re,
1072 2235 1130 2300 sed
1148 2257 1205 2320 spa

3 2323 5 2392 ζ
99 2325 137 2381 et
150 2320 294 2399 opinione
307 2319 444 2403 (tuest)
465 2341 483 2384 e
501 2321 709 2387 tenebricoso
726 2322 870 2394 Satanae
893 2343 994 2406 regno
1016 2317 1148 2410 ereptos
1170 2322 1203 2385 iu

99 2401 231 2470 Christi
246 2423 383 2485 regnnm
396 2406 627 2484 transtulisse,
654 2415 692 2472 ut
710 2406 763 2495 pie
783 2409 970 2492 uirentibus
991 2408 1046 2489 (cl.
1069 2429 1097 2472 v.
1117 2409 1204 2472 9.-

99 2489 172 2570 12.)
201 2490 399 2555 messianam
424 2491 562 2555 salutem
585 2513 719 2573 sperare
737 2493 837 2558 liceat
859 2493 1048 2582 Apostolus
1069 2491 1204 2580 exponit

97 2573 214 2658 (Rom.
236 2573 357 2658 8,2e.).
407 2578 483 2642 Neu
506 2576 611 2659 igitur
633 2576 665 2642 h.
687 2578 711 2642 1.
733 2573 752 2662 ἢ
782 2576 939 2660 βασιλεία
966 2576 1029 2643 τού
1050 2577 1204 2658 Χριστοῦ

100 2658 355 2725 Christianorum
367 2667 489 2725 coetum
503 2660 666 2746 designat.
710 2661 831 2726 Locum
845 2663 949 2729 lCor.
963 2662 1056 2743 d,20.
1076 2659 1126 2730 Ού
1141 2658 1204 2745 γὰρ

101 2739 137 2809 ἐν
152 2743 240 2827 λόγῳ
256 2735 276 2826 ἡ
290 2741 448 2824 βασιλεία
463 2744 525 2810 σού
545 2748 649 2823 θεοῦ,
678 2743 749 2811 ἀλλ’
765 2745 799 2812 e'r
820 2748 957 2830 δυνάμει
979 2749 1027 2812 sio
1047 2748 1205 2834 explana:

21 2823 23 2834 '
100 2849 168 2894 non
183 2829 269 2892 enim
284 2829 551 2912 (magistrorum,
571 2830 613 2895 de
628 2832 681 2896 his
696 2832 782 2897 euim
798 2832 926 2914 agitur,
945 2832 988 2900 cl.
1001 2852 1032 2897 v.
1047 2835 1116 2914 19.)
1133 2853 1206 2895 ver·-

43 2953 46 2970 ι
99 2913 175 2992 his,
195 2913 253 2977 sed
265 2935 377 2978 eorum
393 2916 542 3000 potentiis
554 2929 692 3000 regnum
708 2918 905 2982 messianum
920 2917 1038 2982 nititur
1052 2923 1109 2982 aut
1129 2915 1206 2982 inde

101 2997 266 3087 dependet
278 2999 493 3082 (lCor.2,5.)
509 3003 542 3068 h.
559 3023 590 3069 e.
605 3022 669 3066 non
685 3003 917 3085 magistrorum
933 3001 1206 3091 superbiloquen-

101 3086 171 3164 tia,
193 3083 252 3148 sed
266 3086 413 3170 potentia
431 3085 575 3150 Messias
594 3107 730 3170 regnum
753 3085 875 3154 condit.
919 3086 986 3151 lito
1004 3107 1044 3152 ne
1062 3084 1121 3171 τὴν
1142 3091 1207 3170 βα-

105 3166 305 3234 σιλεύοντού
324 3168 411 3234 θεοῦ
432 3171 604 3236 ecclesiam
624 3172 838 3237 christianam
858 3183 973 3237 notare
992 3180 1115 3237 temere
1134 3193 1207 3236 cre-

104 3253 165 3318 das
179 3255 397 3340 repntandum
412 3256 474 3320 tihi
488 3267 558 3337 est,
579 3257 723 3322 Messiae
737 3279 871 3342 regnum
887 3268 937 3322 tot
953 3257 1040 3324 cives
1055 3257 1208 3344 aliquan·
1233 3333 1235 3337 Ι

105 3340 147 3424 dc
164 3339 353 3404 habiturum
368 3361 461 3422 esse,
488 3335 569 3428 quot
583 3343 817 3426 magistrorum
838 3364 856 3408 o
881 3343 939 3408 orci
959 3344 1007 3428 pii
1023 3343 1208 3410 Christiani

103 3425 187 3490 facti
204 3425 339 3491 luerint.
389 3423 446 3492 Sic
469 3429 567 3492 etiam
588 3429 681 3493 locus
702 3426 773 3496 cot.
793 3365 886 3510 eli.
909 3428 1125 3516 explicandus
1143 3439 1209 3495 est.

105 3509 319 3600 Adjuverunt
343 3506 480 3575 Paulum
503 3514 546 3578 ad
567 3533 703 3598 regnum
729 3513 928 3579 messianum
951 3515 1079 3601 quisi,
1107 3537 1207 3600 qorrm

104 3591 257 3662 homines
275 3593 410 3661 idoneos
431 3595 606 3679 redderet,
635 3600 692 3686 qui
714 3599 746 3662 in
765 3598 848 3664 illud
868 3621 1005 3684 regnum
1027 3601 1207 3687 aliquande

106 3683 350 3770 reciperentur,
379 3683 534 3787 opitulati
560 3691 648 3748 sunt.
691 3677 776 3748 ttae
800 3685 994 3768 δικαιοσύνη
1015 3687 1072 3750 καὶ
1092 3679 1207 3770 εἰρήνη

46 3886 49 3890 -
107 3763 493 3936 tffttttttttttt't
507 3763 1208 3942 tttlttttttttn:tritt„ttttt'

110 3934 377 4016 stitioationem),
398 3957 511 4019 pacem
527 3959 599 4003 cam
613 3940 685 4003 Deo
696 3939 744 4021 (5,
754 3939 801 4014 1.)
814 3948 849 4002 et
867 3959 975 4004 oerum
996 3940 1209 4006 eonscientiae

108 4021 262 4104 paediam
277 4019 432 4102 (Calain,
455 4021 577 4106 Galae,
598 4021 743 4106 uesper,
774 4023 974 4107 Zachariae,
999 4025 1038 4090 de
1057 4023 1209 4104 Ammon,

111 4103 229 4175 deseca,
254 4106 331 4187 ah),
359 4105 417 4168 sed
437 4107 634 4173 honestatem
657 4108 806 4194 (6,18.),
833 4110 1033 4186 concordiam
1055 4118 1087 4172 et
1107 4110 1209 4178 ssimi

111 4188 314 4260 hilaritatem
329 4199 350 4256 a
364 4192 482 4272 spirita
502 4213 528 4256 s.
550 4193 729 4260 excitatam
751 4193 892 4278 (Chrys,
922 4194 1014 4261 Grot.
1034 4196 1208 4280 permulti·
1305 4203 1308 4211 “

113 4295 176 4358 que
198 4275 274 4360 alii)
295 4274 452 4341 denotare
474 4275 677 4344 firmissimis
698 4277 902 4361 argrrmentis
929 4281 1061 4344 ostendi
1089 4288 1208 4366 potest.

112 4357 186 4432 ttae
201 4360 309 4455 primo
323 4359 399 4428 iude
415 4365 646 4455 consequitur,
668 4365 756 4459 quod
770 4362 808 4433 P.
831 4364 1057 4456 δικαιοσύνην,
1080 4361 1211 4459 eipp'sps
