2806 5014
177 365 180 375 ·
294 437 296 444 ,
331 379 333 384 ·
444 360 564 432 cnr.
586 359 671 430 xu.
716 321 786 429 σε.
810 324 920 431 ras.
1163 360 1215 474 ¹oa
1260 365 1265 370 ·

101 517 164 587 ταῖν
187 514 236 595 είς
257 514 318 596 τάς
339 503 495 604 φυλακάς
515 515 848 620 συναπηχμένιον
863 513 1078 604 1άνάράσιν
1099 511 1122 603 ἢ
1140 539 1214 603 yo-

103 604 234 672 νεῦσι.
279 598 362 672 Cum
378 601 503 669 Dativa
518 603 570 670 rei
583 600 933 686 συναπαχομαιεῖικυί
944 622 1018 688 per
1042 622 1127 669 rem
1148 601 1213 670 ab·

102 688 191 775 άκιί,
221 689 330 775 abripi
359 689 542 774 significat.
594 687 671 756 Gal.
693 687 789 768 2‚13.
818 689 889 754 Καί
918 684 1214 774 συνυπεκρίθησαν

103 772 193 860 αὐτῷ
207 777 265 841 καί
280 773 314 839 ol
330 773 450 841 λοιποί
459 771 618 840 Ἰουδαῖοι
626 820 636 850 ,
660 765 745 836 ὥστε
758 775 814 839 καί
826 773 1006 860 Βαρνάβας
1019 770 1216 859 συναπή-

101 862 183 948 pop
213 855 425 962 αὐτῶν·τῇ
453 854 703 945 ὑποκρίσει,
722 893 765 907 -
785 866 822 926 ut
844 860 913 943 ipse
935 859 1015 924 οάεσ
1035 857 1217 924 Barnabas

104 964 214 1012 eorum
226 941 499 1011 simulatione
514 942 610 1010 simul
622 942 776 1028 abreptas
786 942 901 1032 fiaerit,
915 939 1217 1030 np.adsimulatio·

102 1051 189 1099 nam.
232 1026 363 1099 arcer.
385 1029 480 1112 3,17.
496 1029 608 1111 Ὑμεῖς
627 1023 687 1094 οὖν
701 1065 743 1076 -
760 1028 997 1114 φυλάσσεσθε,
1025 1023 1080 1094 λ’νοι
1099 1024 1146 1114 μῆ
1167 1028 1216 1118 τῇ

100 1117 179 1180 τοῖν
200 1109 399 1197 ἀθέσμων
421 1109 560 1206 πλάνῃ
578 1114 927 1194 συναπαχθέντες
947 1113 1140 1216 (impiorum
1163 1135 1238 1180 er-.

103 1221 178 1268 rore
191 1201 292 1265 simul
306 1201 440 1289 abrepti
455 1201 529 1266 scil.
545 1199 587 1264 ad
602 1200 767 1283 errorem)
780 1196 945 1282 ἐκπέσητε
958 1219 1019 1264 τοο
1031 1195 1122 1264 ίάίου
1131 1220 1217 1286 στη-

70 1325 74 1331 -
101 1286 240 1370 ριχμοῦ.·
281 1287 429 1352 Zosimus
451 1287 585 1355 ilistor.
607 1286 679 1367 5‚6.
703 1319 745 1372 ὴ-
768 1285 825 1350 καῖ
852 1281 935 1370 αὐτὴ
966 1285 1003 1348 δὲ
1031 1275 1053 1370 ἦ
1074 1278 1217 1370 Σπάρτη

102 1367 369 1458 συναπήγετο
409 1371 457 1460 τῇ
493 1369 617 1458 κοινῇ
651 1365 727 1454 τῆς
756 1359 952 1446 Ἕλλάάος
980 1363 1139 1436 άλοίσει
1167 1373 1218 1454 (et

58 1460 62 1470 ’
102 1477 182 1521 vero
214 1455 288 1545 ipsa
313 1455 439 1545 Sparta
467 1454 633 1524 communi
655 1455 819 1521 Graeciae
848 1454 1092 1556 expugnatione
1115 1454 1218 1520 simul

102 1542 242 1628 abrepta
264 1549 336 1624 eat,
358 1543 391 1612 h.
414 1565 444 1612 e.
470 1552 504 1609 et
525 1563 605 1609 vero
629 1542 704 1630 ipsa
727 1539 851 1630 Sparta
875 1540 977 1604 simul
999 1561 1072 1606 oum
1095 1541 1218 1608 caterio

51 1641 56 1648 ’
104 1626 267 1706 Graeciae
281 1623 417 1718 oppidis
431 1637 619 1717 expugnata
636 1630 722 1706 est),
742 1622 826 1714 μήτε
841 1619 1034 1714 ὅπλοιςὶῖτι
1053 1627 1138 1712 μήτε
1158 1623 1219 1692 α’ν-

9 1739 13 1790 ·;
104 1707 206 1818 δράσι
218 1711 377 1796 μαχίμοις
393 1715 620 1800 τετειχισμένη
641 1708 700 1777 aaa
720 1709 780 1797 τὴν
801 1711 868 1775 τῶν
883 1702 1053 1792 Ῥωμαίων
1073 1713 1220 1778 uisura·-
1254 1723 1257 1733 ¹

104 1796 196 1875 ξιον,
228 1793 296 1862 ἀλλ’
321 1795 481 1883 ἄρχουσιν
503 1796 679 1879 ἒκάεάομίν
725 1793 916 1882 προδόταις
941 1831 995 1862 -.
1045 1796 1218 1862 Absoluta

103 1881 363 1968 συναπάχεσβαι
378 1884 525 1971 positum
543 1892 597 1949 est
617 1883 659 1947 ab
675 1821 865 1970 lipiphanio
883 1879 1025 1946 Haeres.
1041 1878 1080 1958 l,
1101 1882 1219 1962 26,17.

98 1961 233 2032 uitat
251 1963 780 2076 ἐλεὴμιρνθεὸςτῆςιμοχθρρίας
801 1963 912 2032 αὐτοῖν
933 1961 1020 2052 ἡμᾶς
1041 1961 1220 2070 ἐρρύσατο,
1352 2025 1356 2034 .

103 2049 192 2117 ὥστε
205 2073 291 2140 μετα
304 2073 343 2116 το
358 2055 542 2136 αναχνῶναι
557 2075 646 2139 ημας
658 2073 767 2116 αυτων
779 2051 839 2130 τὰς
850 2051 991 2134 βίβλους
1002 2051 1060 2142 καί
1072 2073 1221 2138 επιστη-

106 2131 326 2207 σαιτόννοῦν
337 2134 379 2224 τῇ
393 2133 542 2225 ἀληθείᾳ
557 2140 614 2204 καί
627 2133 673 2224 μή
691 2137 950 2222 συναπαχθῆνοι
966 2141 1039 2224 (np.
1055 2134 1221 2202 librorum

103 2230 302 2304 argumento
331 2225 373 2285 ad
394 2221 629 2289 Gnosticorum
654 2217 803 2301 erro‘res)
825 2216 1023 2306 άποάράσαι
1042 2221 1154 2287 τοκαῖ
1173 2220 1220 2310 μὴ

103 2306 334 2390 άελεασβῆναι
347 2301 387 2372 τὸ
403 2309 584 2392 τηνικαῦτα
600 2300 858 2387 ἐσπουδάσαμεν
868 2307 1005 2382 καὶτοῖς
1015 2300 1221 2383 ἐπισκόποις

103 2394 178 2466 τοῖς
192 2386 227 2456 ἒν
238 2389 286 2476 τῷ
297 2384 394 2477 τόπῳ
420 2391 535 2479 ἐκείνῳ
558 2388 682 2468 αὐτοὺς
704 2382 901 2468 ὑποδεῖξαι,
930 2392 988 2457 καί
1010 2398 1090 2461 etc..
1131 2387 1222 2458 Nul-

104 2476 175 2541 lius
189 2475 299 2560 lrugis
315 2485 368 2542 ast
383 2477 541 2558 Heraclii
561 2479 694 2561 glossa:
723 2477 969 2561 συναπάχεται·
1002 2470 1221 2562 συμπορεύε-

103 2585 180 2638 ται,
204 2557 406 2645 συνέρχεται.
448 2563 485 2626 ls
498 2563 585 2628 enim
601 2562 778 2650 scriptoris
793 2563 901 2628 locum
916 2560 1029 2626 nescio
1046 2583 1165 2649 quemn,
1186 2561 1222 2627 iu

105 2667 172 2734 quo
188 2656 278 2711 esset
292 2640 520 2730 συναπάχεται
533 2649 631 2714 simul
644 2649 832 2730 abducitur,
855 2646 1080 2730 abstrahitur,
1090 2667 1219 2737 parum
1273 2717 1278 2720 ,

100 2744 260 2811 accurate
284 2732 464 2818 explicuit:
492 2733 591 2798 simul
606 2731 836 2818 proficiscitur.
887 2729 1074 2818 Quaeritur
1094 2742 1221 2815 autern,
1318 2739 1343 2810 ἶ

104 2823 219 2882 utrum
235 2825 351 2883 nostro
364 2818 438 2883 loeo
457 2820 529 2894 τοῖς
546 2821 718 2894 ταπεινοῖς
731 2816 878 2881 Dativus
897 2837 1057 2900 personae
1077 2817 1221 2902 (Garun,

105 2903 264 2987 tutam,
294 2903 405 2985 θεολ,
438 2901 505 2968 Wol
523 2901 695 2990 ,βασιλ
716 2903 778 2984 al.)
798 2922 841 2966 an
857 2902 1004 2967 Dativus
1024 2901 1075 2968 r'ei
1088 2902 1219 2985 (Calui-

103 3009 183 3074 υαε,
213 2987 348 3069 uetat„
373 2987 466 3070 cta,
539 3007 653 3070 eyerus
673 2988 736 3072 al.)
765 2987 821 3050 sit.
871 2986 1006 3070 Quibus
1030 2985 1119 3051 illud
1146 2987 1221 3074 pla·
1300 3055 1305 3062 ,

104 3072 234 3153 cuerit,
267 3073 299 3138 ii
323 3074 406 3138 hano
427 3071 739 3162 interpretationem
762 3071 849 3135 inire
871 3070 1011 3138 dehent:
1049 3071 1223 3154 scottulus,

105 3158 359 3248 ριιῖεῖηιειίοιιυε
381 3157 533 3244 abjectae
553 3158 653 3224 sortis
671 3156 852 3223 nominibus
872 3179 927 3225 uos
948 3160 1021 3244 (np.
1044 3155 1087 3221 ad
1105 3177 1220 3222 eorum
1296 3211 1300 3216 .
1356 3159 1358 3168 ’

101 3244 292 3326 uilitatem,
316 3239 366 3320 είς
379 3241 439 3332 τὴν
455 3241 660 3308 ταπείνωσιν
679 3240 789 3308 αὐτῶν
804 3241 876 3310 Iac.
899 3244 1008 3325 l,lc.)
1027 3240 1136 3326 abripi
1153 3263 1225 3327 pa-.

107 3330 242 3396 tiarnini
257 3329 281 3396 i.
298 3351 332 3416 q.
347 3330 404 3416 qui
419 3350 478 3395 vos
493 3329 571 3395 vilis
585 3348 698 3393 eorum
713 3339 747 3393 et
761 3328 976 3393 calamitosae
991 3327 1096 3393 sartis
1116 3327 1224 3416 parti-

108 3415 200 3504 cipes
214 3415 290 3480 lieri
312 3414 434 3479 sinatis
457 3420 527 3501 (up.
551 3422 589 3480 ut
610 3435 684 3478 cum
705 3412 864 3479 flentibus
886 3414 998 3479 flectis
1020 3433 1053 3482 v.
1073 3416 1127 3481 15.
1171 3413 1226 3483 Cf.

108 3504 253 3589 supra).
298 3498 386 3566 Nam
405 3497 485 3576 τοὺς
506 3497 688 3576 ταπεινούς
710 3500 744 3567 λ.
766 3501 792 3568 l.
813 3520 889 3564 essa
910 3499 1055 3576 tornines
1076 3496 1226 3585 abjectos
1282 3541 1284 3546 ·

107 3593 139 3652 et
153 3586 364 3654 calamitosos
384 3585 483 3671 (Luc.
502 3585 629 3671 1,52.),
657 3606 722 3650 nou
743 3585 900 3650 modestos
922 3585 1136 3674 perspicuum
1159 3590 1223 3652 est.

90 3669 178 3758 „Qui
193 3677 266 3748 τοῖς
278 3675 450 3748 ταπεινοῖς
463 3671 626 3736 Neutrum
639 3692 715 3735 csse
728 3669 939 3752 censuerint,
967 3670 1029 3735 hos
1047 3666 1096 3736 sic
1118 3668 1224 3736 inter:

10 3783 17 3803 ·
107 3757 239 3844 pretori
255 3763 406 3859 oportet:
427 3758 485 3822 τεά
498 3755 600 3840 tales,
626 3757 681 3844 pai
700 3777 774 3841 par
793 3756 986 3823 miseram
1004 3752 1222 3842 fortunam

85 3844 239 3927 xtcouiar
253 3842 432 3908 dictionem
446 3842 589 3906 ταπεινά
606 3835 789 3928 πράσσειν)
803 3861 857 3912 aas
876 3841 966 3924 (scil.
985 3837 1029 3904 ad
1052 3839 1224 3906 calamita·

110 3937 177 3994 tem
192 3925 244 4006 είς
254 3921 297 3992 τά
307 3928 465 4010 ταπεινά)
479 3928 576 3992 simul
588 3925 699 4010 abripi
708 3925 902 4012 patiamini,
933 3926 992 4012 qui
1007 3923 1081 4013 (up.
1097 3933 1134 3989 ut
1148 3943 1224 3992 cum

109 4014 270 4080 flentibus
282 4012 391 4080 flectis
411 4033 441 4080 v.
453 4012 525 4096 ¹1⁵.)
546 4010 744 4077 miserorum
761 4009 1030 4090 Christianorum
1053 4003 1250 4086 calamita-2

112 4107 178 4184 tem
196 4098 356 4186 impetum
371 4099 404 4163 iu
422 4118 482 4163 voa
500 4098 613 4164 lacere
634 4119 774 4186 eamque
794 4106 952 4184 tanquam
977 4096 1144 4182 gurgitem
1163 4119 1224 4165 vos

110 4206 222 4251 secum
237 4186 371 4251 auterre
384 4183 517 4250 sinatis.
560 4182 657 4250 Hanc
671 4182 925 4271 explicationem
938 4203 1050 4250 veram
1070 4203 1145 4249 ease
1165 4205 1224 4249 ar..

112 4283 223 4351 bitror
251 4283 449 4375 propterca,
484 4283 573 4372 quod
595 4299 627 4353 ν.
650 4281 737 4351 ἀλλὰ
759 4275 857 4358 τοῖς
876 4276 1122 4356 ταπεινοῖς
1142 4303 1224 4351 συκ-

113 4384 325 4476 οπαχόμινοι
336 4386 510 4461 vocabulis
523 4383 571 4476 με)
587 4373 643 4450 τά
657 4373 753 4476 ὕψη
762 4381 782 4450 λ
776 4372 815 4505 β
834 4385 1038 4477 φρονοῦντος
1051 4389 1223 4478 apponun-
