2776 5018
417 462 421 476 .
452 402 573 476 CAP.
593 401 698 475 XIV.
739 404 901 476 vale..
933 479 936 486 .
1161 399 1229 472 nt
1311 399 1313 404 ’

46 621 48 629 .
122 561 246 650 δομῆς]
268 581 349 646 prece
362 555 566 645 concordiae,
578 559 756 626 animorum
769 557 981 626 recreationis
992 559 1127 644 propria
1141 561 1228 637 sunt,

122 668 207 732 epuns
219 669 255 712 eo
269 652 435 730 spectant,
456 667 538 731 ponae
551 667 571 708 a
587 645 756 711 ιυοοονδῖδ
773 653 805 711 ct
825 647 1007 710 animorum
1027 644 1227 726 crematione

121 733 296 814 csipuutnr
311 737 358 814 (a.
371 729 581 810 Berntnrdm‘
593 731 805 813 Qisseutdtattl.
821 733 943 812 &patae
962 750 998 816 p.
1018 729 1095 795 325.
1117 750 1170 815 sq,
1192 735 1229 792 et

127 814 250 881 Wiaeri
262 837 313 898 gr.
327 837 360 902 p·
378 813 483 898 133.).
527 810 580 877 Τὰ
592 817 653 898 τῆς
664 811 796 900 εἰρήνης
810 817 851 878 ad
873 836 943 881 voc.
964 808 1080 899 εἰρῆνῆ
1099 813 1229 894 νε.17.,

121 899 165 963 ud
179 902 238 984 τῆς
251 897 431 983 οἰκοδομῆς
442 902 501 985 τῆς
514 895 564 974 εἰς
576 895 757 986 ἀλλήλους,
780 921 863 985 quae
875 899 1042 964 latissime
1063 905 1178 984 patent
1194 903 1230 964 ut

122 989 232 1049 omnia
247 1006 284 1050 oa
299 986 579 1086 complectuntuo3
606 1005 690 1071 qnae
706 984 887 1051 Christiani
910 992 948 1049 nt
961 981 1228 1050 Christianorum

121 1070 226 1175 saluti
236 1077 444 1178 prospiciant
465 1070 610 1150 iaciunt,
637 1069 679 1133 ad
700 1091 788 1136 voce.
809 1090 858 1138 vs.
884 1071 934 1134 1⁷.
956 1063 1153 1153 δικαιοσύνη
1173 1067 1231 1132 καί

120 1176 209 1240 κουροι
229 1179 263 1222 εν
281 1153 446 1236 πνεύματι
466 1146 550 1238 ἁγίῳ
570 1158 641 1242 Ap.
663 1155 807 1220 rettulit.
851 1150 1037 1236 διώκωμεν]
1068 1152 1230 1233 διώκομεν
1367 1177 1371 1191 ·

123 1243 173 1309 A.
185 1239 227 1309 B.
249 1241 292 1307 G.
316 1261 366 1322 gr.
384 1240 458 1322 (let.
481 1246 653 1305 sectemur.
706 1239 745 1307 C.
767 1234 967 1322 διώκωμεν)
988 1239 1044 1304 39.
1063 1236 1119 1303 ta.
1139 1235 1231 1306 238..

80 1351 84 1359 ·
123 1323 202 1409 Quo
216 1335 349 1414 recepto
364 1323 596 1389 Lacimuunus
607 1345 739 1390 versum
754 1325 803 1388 sic
817 1323 1007 1390 constituit:
1026 1313 1168 1473 cipando
1186 1318 1232 1386 τὰ

122 1408 184 1495 τῆς
197 1407 331 1496 εἰρήνης
347 1408 510 1487 διώκομεν
524 1411 581 1474 καὶ
594 1408 637 1474 τὰ
649 1411 710 1494 τῆς
723 1405 906 1492 οἰκοδομῆς
916 1408 978 1494 τῆς
986 1404 1036 1484 εἰς
1068 1401 1232 1489 lidi-once

122 1517 226 1560 narone
238 1502 283 1580 (v.
298 1493 420 1578 Pfluplo.
435 1492 476 1556 ad
489 1493 607 1582 Eurip.
621 1496 753 1578 Alcest.
772 1516 801 1560 v.
815 1493 908 1576 228.)
928 1493 1029 1578 ipitnr
1046 1513 1129 1577 quoe
1149 1512 1231 1556 con-

123 1580 235 1646 cordio
250 1579 395 1663 postulat
406 1580 628 1664 persequimur
640 1573 707 1646 -ἰ
728 1579 780 1645 At
795 1573 1129 1666 praeterquamquod
1150 1575 1231 1642 hasa
1295 1601 1299 1612 ’

122 1664 344 1743 interrogatio
375 1664 406 1729 ln.
436 1663 458 1728 l.
480 1685 596 1749 parum
618 1672 697 1752 apta
719 1673 790 1744 est,
827 1664 1036 1744 andmuuui
1054 1660 1230 1727 sensilium

124 1749 224 1816 Pauli
245 1749 313 1834 ἄρα
336 1739 395 1813 οὖν
416 1748 527 1833 ν’δοιμιε
554 1770 637 1834 erpo
654 1750 855 1814 cumulantis
881 1753 934 1836 (r.
957 1756 1026 1816 not.
1047 1745 1090 1812 ad
1116 1745 1231 1827 nrt.)

11 1850 13 1865 ¹
123 1833 476 1906 eonsuetudosvertit,
519 1831 582 1897 Est
605 1833 767 1912 διώκομεν
785 1834 903 1898 calami
923 1853 1031 1901 error.
1071 1830 1138 1916 (cf.
1160 1839 1231 1901 not.

124 1918 168 1986 ad
186 1909 295 2001 ll,8.)
337 1915 429 1982 ldem
448 1918 537 1983 valet
550 1918 590 1982 da
607 1916 821 2001 ἐργαζόμεθα
843 1919 921 1987 Gal.
935 1921 967 1999 6,
977 1920 1045 1998 tu,
1073 1938 1140 2004 qno
1156 1937 1232 1984 sut·

124 2015 221 2091 cepto
244 2005 474 2069 Laclomnnnur
497 2002 605 2068 locum
624 2003 674 2067 sic
693 2003 849 2093 scripsit:
884 1995 951 2091 ἆρα
971 1996 1030 2068 οὖν
1051 1995 1096 2080 ώς
1116 1999 1234 2086 καιρὸν

125 2087 242 2170 ἔχομεν
257 2081 468 2192 ἑρῆοζόμεδοι
481 2086 520 2189 ,τὸ
534 2083 664 2172 ἀγαθὸν
677 2088 764 2173 πρὸς
776 2085 921 2165 πάντας,
933 2083 1081 2167 μάλιστα
1096 2089 1133 2153 δὲ
1148 2079 1235 2192 updc
1336 2123 1342 2148 .

6 2207 7 2216 ¹
123 2171 205 2248 τοῖς
219 2170 363 2246 οἰκειους
374 2173 434 2254 τῆς
448 2192 609 2249 nauseam,-
630 2173 686 2236 καὶ
698 2169 741 2237 eoi
755 2174 815 2259 τῆς
830 2169 1013 2259 οἰκοδομῆς
1023 2174 1084 2258 τῆς
1100 2169 1150 2246 εἰς
1168 2172 1233 2236 αλ-

124 2254 262 2343 λήλους]
294 2255 377 2321 Post
397 2252 447 2331 εἰς
466 2252 633 2340 ἀλλήλους
654 2255 778 2321 addnnt
797 2256 996 2342 φυλάξωμεν
1017 2257 1063 2322 D.
1076 2255 1116 2322 Ε.
1131 2255 1171 2324 F.
1188 2255 1233 2332 G.

124 2342 171 2410 al.
184 2339 227 2390 -'
267 2339 309 2406 lt.
325 2348 360 2406 et
371 2338 469 2420 Vulg.
484 2347 517 2403 et
532 2361 618 2426 quae
632 2341 867 2423 aedificationis
878 2349 954 2408 sicut
969 2343 1005 2406 iu
1016 2341 1150 2408 inuicem
1165 2364 1233 2408 cu-

124 2425 362 2493 stodiamus.
410 2420 613 2507 Φυλάξιομεν
628 2426 838 2492 manifestum
860 2425 1076 2506 librariorum
1097 2427 1233 2492 verbum

7 2559 9 2564 -
123 2513 248 2575 temera
269 2508 530 2574 desiderantium
553 2511 818 2598 supplementum
840 2521 904 2581 est.
947 2510 989 2590 ed
1008 2507 1069 2595 τῆς
1085 2508 1235 2580 οἰκοδο-
1320 2581 1324 2587 ,

122 2597 207 2680 μῆς]
237 2595 306 2680 Qui
320 2594 474 2659 aedificat
487 2616 571 2682 opus
586 2604 686 2676 auget
706 2596 794 2684 quod
816 2597 986 2664 aedificat:
1014 2596 1159 2684 dissipat
1177 2617 1235 2662 ae-

7 2737 8 2740 ,
124 2681 270 2746 dilioium
290 2680 348 2766 qui
367 2679 522 2748 destruit.
570 2677 647 2764 Quis
667 2681 885 2746 similitudine
906 2682 949 2746 ad
969 2682 1136 2748 hominum
1161 2683 1234 2746 ani-

124 2787 197 2831 mos
224 2765 387 2832 translati
407 2765 534 2830 Paulus
553 2761 743 2845 οἰκοδομεῖν
760 2759 835 2830 asie
854 2767 941 2832 dixit
962 2773 997 2832 at
1019 2764 1115 2832 Pauli
1137 2788 1232 2834 nsum

125 2849 285 2918 Germani
312 2849 512 2914 retinuimus
539 2852 704 2927 Semanbsn
732 2855 865 2920 utbaura-
918 2849 1095 2934 Significat
1121 2864 1233 2918 autum

125 2932 316 3018 οἰκοδομεῖν
329 2957 403 2998 τινα
416 2935 556 3019 aliquem
570 2942 739 3000 exstruere
753 2934 840 3022 idem
856 2935 943 3021 quod
960 2937 1094 3022 pietatis
1110 2944 1145 3001 et
1164 2937 1235 3002 vir·

122 3023 208 3088 tutis
227 3022 429 3087 incramenta
452 3019 553 3082 alicui
573 3017 714 3100 afferre,
748 3019 858 3085 iacere
880 3022 1024 3108 aliquem
1051 3021 1234 3123 sapientio-

8 3155 10 3168 .
121 3127 213 3186 ram,
236 3105 447 3186 sanctiorem,
468 3103 658 3186 meliorem,
680 3103 1057 3193 montisauimiquevim
1072 3107 1234 3193 malique

120 3211 317 3282 promovere
331 3189 447 3274 (icor.
463 3184 557 3270 list.
572 3186 723 3255 l'l'lress.
731 3190 851 3274 5,11.).
873 3190 961 3256 Hinc
975 3187 1236 3273 οἰκοδομεῖσθαι
1279 3251 1283 3260 ,

120 3274 434 3362 pietatisetoirtutis
446 3275 646 3340 incrementa
659 3274 942 3356 cuperedesignat
954 3276 1077 3362 (lens.
1094 3277 1145 3357 1⁴,
1155 3278 1233 3360 12).

74 3410 80 3418 -
122 3355 1234 3448 Substantivumoiaodouri‚dequovoca'idelnobecldumndPhryn,

122 3467 158 3536 p.
172 3447 332 3532 490.sq-‚
355 3444 422 3512 triu
435 3443 523 3529 apud
535 3444 676 3509 Paulum
690 3446 876 3529 signifieat:
903 3446 935 3516 l.
955 3447 996 3533 (i.
1018 3469 1053 3534 q.
1071 3444 1112 3514 τὸ
1136 3442 1233 3514 οἰκο-

124 3535 254 3614 δομεῖν)
269 3531 425 3596 nctionem
445 3527 537 3614 ejus,
566 3529 621 3616 pori
641 3528 742 3595 alictii
759 3533 895 3612 pietatis
913 3534 1114 3598 incrementa
1131 3532 1234 3619 affert

122 3616 236 3703 (Rom.
254 3617 395 3694 14,l9.),
417 3635 482 3700 quo
496 3636 596 3680 sensu
610 3612 652 3702 τῇ
666 3609 829 3701 οἰκοδομῇ
841 3610 1087 3698 εκεδννιυδίυυίῆ
1103 3613 1234 3684 sauata

124 3723 219 3786 ρεσις
239 3701 413 3766 destructio
433 3721 452 3763 ο
476 3699 611 3786 ponitur
631 3700 664 3774 (2
679 3697 756 3768 Cor.
780 3701 871 3781 10,8.
894 3703 948 3782 13,
960 3703 1042 3784 lit.):
1063 3699 1114 3769 ll.
1135 3705 1178 3786 (i.
1198 3723 1233 3788 q.

124 3785 163 3852 ιδ
181 3783 394 3868 οἰκοδομοῦν)
417 3721 581 3870 idpuod
594 3779 736 3868 ulictojus
747 3786 904 3867 pietatem
916 3795 948 3852 et
962 3787 1113 3852 uirtutem
1135 3793 1233 3872 uomet

125 3875 162 3956 (1
179 3871 258 3938 Cor.
282 3871 375 3950 14,3.
397 3867 466 3949 al:
494 3863 567 3933 lll.
586 3867 626 3951 (i.
648 3890 680 3954 q.
702 3869 739 3934 εδ
766 3865 1038 3952 οἰκοδομεῖσθαι)
1059 3868 1150 3956 ejus,
1177 3862 1234 3957 qui

125 3956 260 4040 pietatis
273 3962 305 4019 et
320 3954 451 4019 oirtsdis
466 3952 663 4018 incrementa
679 3955 767 4036 capit
783 3955 993 4020 conditionem
1010 3957 1122 4038 (llum.
1139 3957 1190 4037 15,
1198 3957 1232 4028 2.

125 4040 238 4108 2Cor.
261 4039 402 4119 12,l9.).
451 4036 592 4104 Causam
613 4035 730 4126 hujus,
765 4040 824 4140 qui
844 4037 949 4105 Paulo
969 4041 1146 4128 peculiaris
1168 4051 1232 4124 eat,

108 4122 283 4213 loquendi
299 4123 441 4189 rationis
453 4123 654 4210 interpretes
670 4124 767 4206 vulgo
777 4119 1025 4214 ruderepetunt,
1038 4126 1124 4213 quod
1135 4129 1232 4214 Apo-

126 4214 236 4278 stolus
250 4210 400 4275 homines
412 4208 611 4274 christianos
626 4228 711 4271 nune
725 4208 876 4274 aedificio
891 4213 925 4295 tl
935 4209 1012 4278 Cor.
1025 4217 1058 4291 3,
1065 4213 1097 4278 9.
1107 4211 1231 4300 Ephes.
1356 4247 1359 4252 ·

125 4297 257 4384 2,20.),
280 4315 364 4360 nuno
376 4293 443 4358 Dei
456 4294 579 4380 temple
593 4291 837 4360 exaedificanda
857 4300 894 4378 (l
910 4297 986 4364 Cor.
1000 4299 1093 4377 ala.
1114 4300 1136 4360 2
1152 4296 1231 4364 Cor.
1331 4375 1334 4380 ,

126 4378 219 4464 6,16.
232 4381 355 4468 Ephes.
369 4379 402 4458 2,
409 4380 481 4461 22.)
493 4378 681 4444 assimilare
695 4381 917 4448 consueverit.
959 4379 1079 4468 ltaque
1097 4389 1134 4448 nt
1154 4382 1230 4448 huie

125 4466 339 4536 similitudini
351 4463 536 4549 insisteret,
551 4485 625 4530 uum
639 4459 1229 4568 etiarnoiaodopsioannalieuiprnd·
1254 4560 1256 4570 Ι
1323 4509 1326 4518 ·
