2776 5018
73 451 76 467 .
178 405 242 478 180
306 437 310 444 ·
373 392 769 477 urelsonner-1)
799 399 1079 474 nonnitus

176 563 292 629 nostrai
317 566 484 666 potestate
506 582 581 626 esse
603 565 722 650 putare
744 558 989 647 consequitur.)
1036 554 1086 625 lla
1109 555 1162 624 luis
1184 557 1283 624 nemo

102 708 104 712 .
175 669 241 715 nou
262 655 422 714 rationem
443 646 637 712 concludere
658 651 807 734 poterat,
834 666 942 734 neque
961 667 1046 736 opus
1065 649 1155 730 eret,
1181 650 1221 709 ot
1240 641 1284 710 P.

174 733 416 802 conclusionem
432 734 505 821 ipse
521 731 657 798 adderet
665 749 677 800 τ’
695 731 809 820 itaque
824 733 873 815 (u.
888 755 919 797 e.
936 752 1036 817 quum
1051 729 1284 816 unusquisqne

174 819 440 888 Christianorum
463 828 497 884 et
518 819 630 884 vivens
651 823 685 881 et
707 817 851 882 moriens
873 839 891 879 a
915 817 1040 883 Christo
1061 816 1107 881 'so
1134 814 1284 902 pendere

69 903 70 906 ’
171 905 358 990 existimet)
375 903 463 970 firmi
481 904 610 992 pariter
630 909 730 991 atque
751 900 875 967 infirmi
889 897 1031 971 Romani
1045 901 1165 970 Christi
1186 921 1285 966 reve-

173 989 282 1060 rentisi
292 989 464 1055 '‘duouutur
475 1011 506 1056 v.
520 991 564 1056 6..
608 979 678 1070 (lle
700 989 900 1074 loquutione
915 977 1001 1052 εἶναι’
1017 1009 1107 1064 τινος
1126 987 1167 1052 ei.
1186 985 1284 1067 3,29.

175 1073 254 1142 Gal.
274 1075 370 1156 3‚20.
390 1073 526 1162 2.Tim.
548 1075 640 1154 2‚19.
668 1075 787 1142 lCor.
815 1075 926 1154 6‚19.,
961 1066 1129 1138 Kuelneri
1154 1093 1204 1158 gr.
1229 1069 1285 1153 ll,

41 1219 44 1227 .
167 1215 170 1222 ,
198 1161 299 1228 .167.
322 1167 356 1225 et
376 1163 443 1226 Pro
469 1169 532 1226 ert.
556 1159 737 1242 11,12,36..
779 1155 891 1248 Hujus
915 1178 972 1222 ero
993 1159 1106 1239 vivus,
1129 1164 1285 1223 mortuus

172 1167 272 1336 tujus
291 1241 393 1328 ero).
445 1182 544 1311 ionii
563 1245 880 1330 argumentationem
901 1244 1000 1342 plane
1023 1264 1087 1308 non
1115 1243 1286 1309 intellexit

171 1329 388 1414 uncelenus,
402 1331 461 1430 qpi
474 1332 717 1398 eooelusionem
734 1327 793 1394 ἐάν
807 1353 843 1394 σε
858 1321 918 1395 οὖν
933 1329 1054 1408 lupen,
1070 1323 1128 1393 ἐάν
1138 1351 1174 1393 σε
1188 1325 1285 1394 ἀπσ-

170 1409 369 1502 θνήσκωμεν
382 1437 442 1482 του
456 1415 573 1504 κυρίου
587 1413 685 1498 septe
701 1437 764 1482 non
780 1417 887 1481 solum
901 1434 1195 1502 supervaoaneam,
1225 1434 1284 1478 ve·

168 1500 365 1574 nemetiam
385 1503 555 1567 molestam
578 1508 612 1566 et
633 1522 823 1590 perversam
849 1521 923 1564 esse
944 1499 1040 1567 dixit.
1088 1497 1176 1565 Nam
1197 1499 1285 1564 haue
1324 1555 1326 1560 .

170 1585 368 1651 sententiam
383 1586 530 1676 requiri:
558 1595 645 1652 reete
665 1587 765 1672 ipitur
785 1585 872 1676 feeit
889 1584 1067 1673 notionisque
1085 1605 1125 1650 en
1144 1586 1284 1670 inqenue

169 1667 1283 1834 ttlttt..ltinllttlttt‘l‘tltteltlttt‘tl‘ttittt’

168 1838 211 1906 ad
226 1861 341 1906 novam
356 1779 628 1926 ramiransgredi
645 1805 801 1930 o’pinatus
816 1847 870 1907 est
884 1841 917 1909 ln.
939 1861 1002 1908 m.:
1023 1839 1095 1905 eive
1115 1779 1219 1924 ipitur
1237 1804 1283 1923 (ii

168 1945 199 1992 e.
215 1933 253 1992 ut
267 1925 310 1990 ad
324 1948 440 1994 novam
461 1949 529 1993 rem
552 1932 740 2014 transeam)
760 1927 910 1992 vivemus
930 1925 1003 2012 sive¹
1022 1924 1219 2006 moriamur,
1239 1945 1284 1990 ex

62 2015 65 2018 ’
168 2007 306 2078 Christo
321 2013 496 2095 pendemus
513 2014 580 2098 (sio
600 2035 631 2082 v.
644 2011 716 2098 8.)‚
747 2034 812 2115 quo
829 2011 918 2112 nihil
939 2010 1066 2076 eertius
1086 2019 1139 2076 est
1159 2013 1195 2090 tv
1216 2011 1282 2095 9.).

167 2095 392 2182 Quamobrem
415 2105 540 2164 temere
560 2098 648 2164 ulter
665 2101 805 2164 alternus
820 2099 926 2188 perdex
945 2095 1076 2178 sedeat,
1109 2115 1128 2158 a
1149 2095 1283 2163 Christo
1381 2174 1385 2190 ,

166 2182 252 2268 (imo
267 2203 285 2244 a
299 2183 390 2272 Deo)
399 2182 600 2272 judicandus
612 2185 684 2272 ipse
699 2188 748 2268 (v.
763 2185 816 2249 10.
833 2179 933 2265 11.)1“
1384 2249 1385 2253 ,

168 2273 172 2281 “
254 2267 300 2334 V.
314 2269 349 2334 9.
391 2267 449 2333 καί
461 2276 539 2357 post
554 2267 720 2352 Χριστὸς]
742 2291 807 2335 om.
823 2272 871 2336 A.
889 2273 940 2352 (ut
959 2265 1104 2352 videtur)
1119 2263 1158 2333 C.
1177 2263 1221 2332 D.
1236 2263 1280 2332 E.

165 2348 205 2418 F.
219 2351 262 2418 G.
280 2354 333 2418 17.
347 2355 404 2422 73.
418 2355 476 2428 74.
496 2355 553 2421 76.
573 2355 616 2420 al.
638 2355 671 2420 9.
690 2353 753 2421 Mt.
775 2353 813 2421 0.
836 2353 881 2420 K.
907 2353 1007 2440 ¹Copt.
1027 2351 1131 2435 Vulg.¹
1150 2350 1278 2418 Boern.

166 2429 266 2522 θείη.
280 2435 311 2503 Ι.
325 2459 360 2526 p.
375 2440 452 2508 436.
470 2434 534 2506 lV.
549 2461 583 2528 p.
600 2437 673 2507 135.
687 2446 721 2522 et
735 2439 811 2507 342.
831 2437 990 2505 Damaso.
1006 2433 1063 2520 ll,
1085 2459 1119 2524 p.
1140 2437 1196 2503 ⁵2.
1217 2437 1279 2505 al..

21 2585 32 2591 ,
73 2515 85 2524 ’
165 2519 348 2589 Damnavit
370 2521 428 2589 καί
449 2523 695 2610 Griesboeloius,
729 2525 888 2612 expunxit
910 2521 1159 2608 hartmannus,
1193 2522 1278 2586 reti-

165 2608 240 2672 nuit
251 2614 328 2696 post
342 2605 567 2675 Matthaeium
587 2609 765 2694 Knuppius.
809 2609 915 2675 Elsev.
930 2605 1084 2674 ἀπέθανε
1096 2609 1167 2671 καί
1182 2603 1277 2676 6νέ-

165 2712 213 2756 σε
258 2695 314 2758 καὶ
333 2692 523 2781 ἀνέζησεν,
549 2691 673 2782 ἵνα-]
704 2689 858 2760 ἀπέθανε
875 2695 931 2759 aui
952 2689 1116 2780 ἔζησεν,
1143 2689 1199 2757 ἵνα
1221 2729 1275 2758 -.

163 2777 212 2844 Α.
257 2825 267 2845 .
281 2777 319 2846 C.
330 2778 409 2847 Rul.
418 2829 428 2866 ‚
442 2781 596 2866 cyrillus
610 2779 789 2868 aliquoties
803 2786 849 2864 (v.
858 2777 1082 2856 Matthaeium
1099 2777 1152 2846 ed.
1166 2778 1277 2860 mim),
1386 2795 1387 2824 ³

163 2860 339 2950 chrysost.
362 2864 397 2929 in
417 2872 592 2933 comment.
616 2873 651 2929 et
679 2865 767 2954 apud
790 2863 948 2932 Damaso.
976 2864 1002 2931 l.
1033 2885 1062 2932 e.
1092 2863 1151 2930 al..
1199 2861 1276 2928 Hoe

164 2949 409 3032 Grieoboeleius,
437 2948 633 3040 Knoppiuo,
662 2951 898 3017 Loelmouuus
911 2951 1037 3034 aliique
1053 2949 1275 3033 seripserunt,

161 3035 346 3136 probarunt
361 3037 538 3123 permulti,
563 3057 595 3104 v.
615 3057 643 3101 ε.
657 3035 748 3104 Mill.
764 3034 900 3121 Proleg.
921 3039 953 3120 §.
973 3035 1071 3115 763.,
1098 3035 1274 3119 Benqelius

160 3137 196 3224 ip
210 3139 326 3224 appar.
343 3131 377 3186 et
393 3123 426 3187 in
441 3139 572 3207 guam,
592 3119 750 3204 Meyerus
764 3130 800 3186 et
814 3120 945 3188 lineola.
966 3123 972 3202 Ι
990 3114 1187 3186 -ἇνεὲθανε
1203 3121 1273 3184 καὶ
1296 3140 1300 3154 ·

161 3225 334 3292 ανεσεη,
357 3202 411 3270 ἵνα
432 3244 484 3270 -.
516 3195 568 3273 ll.
585 3207 628 3274 G.
646 3207 751 3292 Vulg.
765 3207 888 3274 Boern.
912 3205 1010 3290 Orig.
1031 3213 1085 3270 ter
1107 3205 1192 3270 loeis
1214 3205 1272 3270 eit.
1385 3271 1386 3276 ,

161 3285 312 3436 Cprillus
333 3289 385 3356 bis
406 3289 730 3394 (ci.Mottieoeium.)
775 3292 1048 3394 Ambrosiastep,
1070 3285 1271 3376 Fulpenti'uo,
1330 3364 1338 3374 ¹
1384 3331 1385 3334 =

158 3393 220 3440 a..
262 3372 335 3441 Hoo
356 3382 479 3441 temere
499 3381 652 3463 probavit
671 3376 784 3444 Roneis.
800 3376 945 3444 Luoubr.
970 3383 1045 3444 eret.
1064 3397 1096 3464 p.
1120 3374 1193 3472 131.
1217 3395 1271 3460 sq.

158 3457 259 3521 verba
282 3461 339 3524 καὶ
354 3457 469 3546 ἔζησεν
489 3484 529 3526 ex
544 3464 654 3552 Apoe.
675 3461 766 3545 2‚8.,
793 3471 831 3527 ut
849 3485 908 3527 our
923 3460 1079 3530 Christus
1098 3483 1166 3523 των
1187 3452 1271 3538 ζών-
1384 3479 1385 3482 ’

157 3561 224 3618 των
246 3539 399 3632 dominus
426 3567 500 3610 esse
530 3546 714 3630 diceretur,
748 3547 877 3637 adjecta
907 3569 984 3612 esse
1013 3547 1181 3633 opinatus.
1201 3545 1207 3629 Ι
1226 3579 1271 3592 -

157 3623 311 3706 ἀπέθανε
326 3629 382 3693 καὶ
397 3627 610 3720 ἀνέζησεν,
624 3630 678 3698 ἵνα
691 3671 730 3683 -
747 3633 774 3700 G
793 3634 857 3700 vill.
872 3635 986 3713 semel,
1001 3630 1269 3700 autonomiam

155 3711 183 3779 l.
199 3734 229 3780 t.
243 3751 285 3762 —
301 3712 380 3800 Syr.
403 3713 485 3804 Erp.
507 3715 660 3784 ἀπέθανε
681 3721 736 3784 aui
757 3715 880 3804 ε’ζησε
902 3713 1090 3806 (ἅνέζησε)
1110 3717 1167 3779 καὶ
1188 3709 1269 3778 6νὲ-

156 3817 239 3902 ητη,
265 3794 320 3864 ἵνα
341 3837 392 3866 -.
414 3787 481 3888 [-
503 3797 632 3888 ἔζησε
661 3806 719 3868 καὶ
745 3800 916 3870 ἀπέθανεν
923 3849 934 3880 ,
967 3799 1021 3868 ἵνα
1041 3838 1085 3850 —-
1105 3799 1223 3865 Sedul.
1243 3801 1250 3885 Ι

155 3877 281 3968 εζησε
301 3887 357 3950 καὶ
378 3881 571 3954 ἀπέθανε
589 3889 660 3954 καὶ
680 3886 848 3974 ἀνέστη,
870 3885 928 3952 ἵνα
944 3924 997 3951 -.
1041 3885 1088 3953 D.
1110 3884 1150 3953 E.
1172 3884 1267 3953 Clar.

29 4011 32 4023 .
155 3963 272 4037 Germ.
294 3968 388 4038 lren.
408 3971 522 4060 3‚18.,
553 3977 611 4040 Au
637 3975 768 4039 ustinus
797 3975 919 4060 semel,
956 3969 1205 4054 Gaudentius!
1223 4006 1268 4020 -
1343 4003 1352 4030 s

134 4101 136 4106 .
153 4046 307 4120 ἀπέθανε
322 4057 386 4122 ’καὶ
406 4052 527 4144 evenes
550 4060 606 4124 uoti
623 4057 787 4144 ἔζησεν,
815 4053 869 4122 ἵνα
890 4096 942 4124 -.
995 4056 1026 4124 5.
1051 4059 1104 4122 17.
1124 4058 1181 4124 73.
1207 4055 1266 4142 al„
1287 4087 1294 4100 ι

11 4184 23 4200 .
126 4163 130 4172 ν
154 4155 238 4224 quos
252 4138 355 4226 Beraq.
370 4149 405 4207 et
417 4139 628 4216 Malthaeius
640 4142 693 4210 ed.
709 4142 786 4230 maj.
799 4149 833 4209 et
848 4143 927 4212 min.
944 4143 1078 4229 sequuti
1091 4150 1171 4208 sunt
1183 4163 1266 4229 pro·

8 4251 18 4266 .
152 4219 409 4292 bentelieielu‘o.
453 4226 610 4296 APaulo
634 4225 826 4293 ἀπέθανε
847 4231 919 4294 καὶ
940 4224 1103 4314 ἔζησεν,
1131 4223 1186 4292 ἵνα
1209 4265 1265 4293 —-.

152 4301 334 4392 preteetum
349 4333 424 4377 esse
438 4321 563 4380 eertum
578 4318 642 4381 est.
685 4313 758 4379 Hoe
774 4314 859 4379 onim
873 4337 891 4378 e
905 4315 1021 4380 verbis
1040 4311 1094 4378 ἵνα
1115 4314 1173 4378 καὶ
1191 4336 1265 4377 νε-

152 4389 259 4478 κρῶν
280 4397 337 4462 καὶ
362 4391 522 4476 ζώντων
544 4393 704 4488 κυριεύσῃ
724 4399 939 4486 intelligitur.
989 4397 1173 4467 Praeterea
1202 4417 1263 4464 va·
