2776 5018
366 357 486 431 cnr.
509 361 592 428 xv.
637 357 705 426 vs.
729 361 782 434 rs.
803 367 838 427 ee
861 363 941 461 ιε..
993 399 999 407 ψ
1134 363 1202 434 rsa

3 511 5 574 L
93 513 227 602 sequuti
243 511 386 596 fuerint,
410 522 444 580 et
459 537 520 602 pro
535 515 601 595 rei,
617 513 658 579 de
675 515 739 604 qod
754 522 937 602 exponant,
949 519 1073 584 ¹naturis
1090 515 1207 588 diuer-¹

91 624 151 666 sors
165 615 283 687 seipsos
299 609 463 666 nascatur.
500 599 562 666 Est
572 601 697 685 igitur,
720 602 750 664 si
766 623 784 664 a
800 621 931 666 sacram
944 621 1012 666 rem
1024 605 1202 686 perupeodi

51 732 53 737 -
92 687 281 770 significatu
295 687 464 774 proiectus
479 687 602 768 lucris,
618 679 802 772 ἱερουργεῖν
812 707 848 749 τι
860 685 899 773 (i.
915 705 945 752 e.
961 681 1133 772 ἱερουργόν
1147 681 1200 754 εἱ-

4 777 5 782 ’
92 771 148 834 roi
168 775 274 851 τινος)
294 769 423 852 aliquod
440 780 667 853 suerum'opus
688 775 853 856 perrepere.
903 768 959 836 Sic
980 770 1130 838 Gelonus
1158 773 1200 840 de
1255 765 1265 792 ¹

90 855 263 938 Theriacie
272 851 492 940 (Medicorum
507 876 702 938 graecorum
716 853 815 942 opera
830 853 883 922 ed.
897 856 1026 924 Kuelm.
1039 856 1084 925 Τ.
1098 855 1200 929 XIV.

90 964 125 1030 p.
143 941 237 1024 212.)
248 939 439 1028 μυστηρίων
455 935 628 1026 ἱερουργόν
647 959 818 1007 sacrorum
840 940 1113 1006 caerimoniarum
1131 965 1199 1023 υσ-

89 1033 248 1092 trutorem
270 1023 365 1090 dixit.
417 1024 527 1110 Quium
551 1023 760 1112 sacrificandi
776 1030 942 1112 potestate
963 1025 1060 1092 nixus
1080 1027 1200 1110 fueris,
1260 1091 1265 1100 ,
1293 1046 1298 1068 ·

88 1107 274 1195 ἱερουργεῖν
287 1131 319 1174 τι
336 1111 465 1196 nlipuod
478 1108 672 1192 sucrificium
686 1117 879 1194 perpetrare
899 1111 1057 1177 declarat.
1100 1113 1200 1179 Basi-

88 1195 158 1260 lius
172 1195 549 1262 caesareensisllomil.
563 1194 596 1258 in
615 1192 672 1262 Ps.
688 1196 763 1263 115.
777 1194 840 1260 sub
858 1196 956 1262 linem
977 1196 1028 1283 (p.
1048 1197 1121 1262 129.
1143 1197 1199 1267 ed.
1282 1201 1283 1206 ’

89 1279 197 1349 Βεεῖῖ.
213 1281 308 1348 1551.
323 1281 365 1369 1.)
382 1317 424 1330 -
447 1285 504 1344 καί
524 1275 726 1367 ἱερουργή
736 1301 792 1344 σοι
816 1302 872 1346 σοι
891 1278 966 1366 τὴν
984 1282 1059 1366 τῆς
1079 1279 1200 1350 αἱνὲκ

88 1367 355 1456 σεωςθυσίον
374 1419 428 1451 -.
465 1377 623 1471 scripsit,
658 1403 719 1466 pro
746 1403 811 1468 quo
847 1381 961 1468 paullo
996 1391 1074 1469 post
1110 1381 1198 1450 dixit

24 1475 33 1484 '
88 1466 187 1530 θύειν
200 1469 248 1553 τῷ
262 1468 335 1550 θεῷ
348 1465 408 1551 τὴν
422 1461 558 1534 οἱὶνεοιν.
601 1465 690 1547 (Hoc
705 1466 827 1532 Basilii
838 1467 911 1531 looo
927 1466 1061 1544 Reicleii
1073 1490 1106 1555 p·
1119 1469 1198 1540 500.

4 1589 6 1598 x
87 1551 203 1637 opinio
232 1551 428 1632 refellitur.)
480 1551 579 1617 Hune
608 1571 704 1616 usum
726 1552 895 1618 corrueres
916 1556 996 1635 („pu
1019 1555 1120 1636 opima
1142 1561 1197 1624 bad

90 1637 287 1723 &targellum
312 1639 464 1720 mortem)
485 1659 601 1724 parum
624 1643 715 1702 recte
734 1637 769 1700 in
791 1645 940 1702 nostrum
958 1640 1066 1702 looum
1088 1645 1200 1705 trans-

87 1721 178 1795 tulit,
212 1721 330 1808 Neque
344 1724 431 1787 enirn
442 1722 652 1806 'erengelium
662 1771 672 1799 ,
684 1721 746 1786 sed
757 1722 892 1806 quintiles
906 1722 1104 1787 sacrificium
1119 1745 1199 1790 oon-

88 1807 250 1889 stiterunt,
290 1800 357 1872 Dee
378 1809 446 1893 (12,
455 1811 489 1873 1.’
509 1807 596 1894 Eph.
613 1807 684 1888 ὄλ.
705 1809 786 1872 Act.
806 1805 938 1891 26,18.,
958 1821 1035 1872 'non
1058 1808 1199 1896 Christo,

82 1889 223 1974 xlleie'ln)
238 1915 257 1956 c
274 1891 381 1957 Paulo
395 1892 665 1960 consecrandum.
702 1889 877 1956 Postremo
893 1893 1047 1978 quoniam
1064 1887 1199 1979 iepeop-

87 1977 156 2059 γεῖυ
171 1977 270 2040 etiam
285 1975 482 2043 sacerdotem
496 1999 567 2043 esse
580 1977 747 2060 significat
760 1971 943 2062 ἱερουργεῖν
963 1999 998 2041 τι
1018 1979 1198 2043 sucerdotis

3 2079 4 2082 ’
88 2060 183 2124 modo
204 2061 328 2148 cliqtiid
354 2068 526 2153 tractore,
551 2062 782 2128 administrare
811 2062 910 2126 valet.
960 2060 1013 2130 Gi.
1041 2062 1147 2127 locum
1176 2085 1199 2128 a
1326 2085 1331 2093 “

89 2144 284 2229 Gorpzooio,
306 2146 434 2250 Κγυῖιῖυ
447 2144 504 2228 11,
526 2169 560 2234 p.
576 2148 650 2213 188.
666 2147 808 2232 aliisque
824 2148 961 2211 olletcm
976 2147 999 2210 4
1012 2145 1117 2215 Mace.
1124 2149 1157 2228 7,
1165 2147 1199 2218 8.

91 2225 279 2306 Τοιούτους
305 2232 345 2314 dp
370 2232 421 2295 dei
443 2221 529 2295 εἶναι
548 2225 627 2307 τούς
648 2227 905 2316 ἱερουργοῦντες1
921 2228 1098 2312 τόννόμον
1117 2229 1197 2320 ἰδίῳ

88 2335 208 2392 αιματι
222 2316 279 2378 καὶ
292 2311 429 2399 γενναίῳ
445 2307 563 2398 ἱδρῶτι
577 2319 646 2389 τοῖς
659 2313 756 2402 μέχρι
766 2311 919 2380 θανάτου
929 2313 1078 2388 πάθεσιν
1088 2309 1198 2401 cinop-

87 2393 301 2479 αστιὶζοντας.
331 2400 417 2462 tales
431 2420 507 2465 vero
523 2403 598 2486 (cp.
613 2401 725 2486 qualis
736 2399 802 2466 luit
816 2401 1018 2482 Eleazarus,
1043 2394 1086 2467 τιὶ
1102 2399 1198 2485 γένος

4 2523 5 2526 =
72 2475 217 2564 ἱερεύς,
237 2480 311 2568 ’τὴν
331 2479 517 2569 ἐπιστήμην
538 2480 674 2564 νομικός
681 2531 691 2560 ,
727 2506 758 2553 v.
777 2484 808 2560 5,
817 2486 851 2552 4.
874 2486 1116 2569 cezeresca
1136 2507 1197 2552 eos

87 2587 110 2630 o
135 2573 241 2646 ortet,
263 2566 321 2654 qui
333 2571 541 2634 sacerdotum
558 2573 637 2652 (sare
660 2569 764 2634 minem
777 2569 897 2635 offerre
914 2572 1105 2658 solitorum)
1126 2573 1198 2636 ritu
1270 2581 1274 2594 ’
1331 2575 1333 2582 “

3 2729 4 2736 ρ
129 2653 197 2716 σεῖε
216 2653 322 2735 legem
343 2672 401 2716 suo
423 2655 579 2736 ευννγιιῖνιε
605 2591 859 2734 atlministront,
889 2657 909 2719 i.
924 2679 954 2722 e.
975 2656 1009 2722 h.
1030 2657 1073 2738 l'.,
1098 2664 1138 2728 ut
1155 2677 1198 2722 ex

87 2737 304 2823 sequentibus
318 2738 430 2802 verbis
447 2735 666 2822 intelligitur,
688 2739 859 2826 quiMosis
873 2740 977 2823 legem
993 2740 1045 2804 sui
1060 2741 1198 2824 sangui·

3 2831 4 2834 ’
59 2895 64 2916 ρ
87 2821 143 2889 nis
165 2823 358 2908 prolusione
379 2821 572 2890 defendunt.
622 2820 708 2888 Item
728 2831 842 2890 nostro
862 2826 934 2889 loco
955 2819 1138 2909 ἱερουργεῖν
1156 2823 1196 2890 τὸ

88 2904 284 2990 εὐαγγέλιον
310 2908 486 2974 sucerdotis
513 2909 603 2972 modo
624 2909 822 2992 eounyelium
842 2909 1075 2974 administrare
1097 2909 1195 2974 desi-

3 3043 4 3050 ,
90 3001 174 3075 gnet
196 2992 386 3078 (Meyerus,
412 2991 576 3078 Mal).
633 2993 743 3076 Quum
758 2992 884 3058 Paulus
907 2993 1199 3082 munusAposteli

88 3077 157 3142 eibi
172 3075 406 3143 demandatum
423 3098 495 3144 curn
514 3078 709 3158 sacerdotio,
739 3077 827 3164 quod
846 3079 980 3162 pentiles
1001 3081 1199 3166 compleote-

87 3171 203 3245 retur,
239 3161 499 3250 comparaverit,
531 3163 659 3245 elucet,
685 3185 759 3228 eum
782 3172 919 3229 eatenus
941 3169 977 3227 ut
998 3165 1198 3230 sacerdotem

4 3289 5 3292 =
88 3249 181 3313 inter
201 3249 344 3332 gentiles
364 3252 551 3335 (nam‘post
571 3248 670 3314 verba
689 3245 925 3335 ἱερουργοῦντα
944 3245 983 3312 τὸ
1005 3245 1198 3334 εὐαγγέλιον

88 3335 152 3398 τοῦ
166 3335 251 3398 θεοῦ
266 3341 373 3398 mente
388 3332 571 3414 addendum
584 3354 659 3398 osse
672 3327 706 3417 ἐν
720 3336 791 3410 τοῖς
810 3333 944 3399 ἔθνεσιν
961 3354 980 3397 o
999 3355 1037 3398 re
1058 3333 1198 3418 manile-

3 3433 5 3438 ·
90 3428 181 3484 stum
201 3422 266 3501 est)
285 3417 632 3484 doetrinamdivinam
652 3418 885 3504 dispensasse,
916 3425 1079 3518 quatenus
1098 3440 1198 3498 ovan-

90 3505 214 3586 gelium
228 3503 409 3588 gentilibus
424 3501 604 3587 diligenter
618 3509 653 3568 et
666 3504 837 3588 relligioso
850 3501 1046 3574 tradidisset
1058 3505 1153 3589 (mv,
1165 3525 1196 3572 c.

92 3589 233 3674 Chrys).
286 3589 393 3653 Erant
420 3587 585 3654 sacerdoti
606 3588 741 3678 judaice
768 3591 894 3670 larina,
924 3589 1031 3656 oleum
1053 3596 1087 3655 et
1107 3591 1199 3670 thus,

91 3674 180 3738 unde
194 3675 400 3739 incruentum
414 3675 611 3739 sacrificium
627 3676 740 3754 fleret,
770 3675 836 3741 rite
850 3681 883 3738 et
899 3673 1072 3744 tractanda
1091 3685 1126 3740 et
1146 3677 1198 3739 in-

91 3758 280 3840 cendenda,
302 3765 339 3823 ut
352 3761 540 3824 memoriale
554 3759 751 3824 sacrificium
764 3767 851 3826 reete
867 3767 903 3824 ut
924 3782 963 3824 ue
976 3762 1086 3824 ordine
1100 3759 1197 3824 offer«
1261 3814 1263 3817 ,

92 3841 412 3924 retur·Levit.2,2.;
439 3841 764 3925 similiterl’sulum‚
792 3781 972 3928 ge'ntilllms
995 3843 1197 3908 destinatum

92 3932 312 4014 sacerdotem,
334 3929 562 4014 evangelium,
580 3929 667 4016 quod
687 3928 883 3994 sacrificium
901 3927 974 3992 Deo
995 3928 1198 3994 offerendum

3 4015 5 4076 ᾏ
93 4015 262 4098 (homines
285 4035 345 4104 per
371 4015 469 4081 fidem
498 4015 539 4078 ad
558 4014 667 4080 Deum
697 4013 856 4079 adductos
879 4016 928 4092 10,
938 4013 1008 4096 14.)
1029 4022 1199 4079 consecrat

93 4101 274 4169 sucerdotis
301 4101 392 4164 modo
419 4102 507 4166 inter
536 4101 679 4184 gentiles
707 4099 941 4164 administrare
975 4100 1197 4184 (evangelium

4 4211 5 4224 ¹
96 4183 277 4270 gentilibus
293 4187 445 4251 accurate
458 4195 492 4250 et
507 4186 678 4270 relligioso
692 4185 841 4270 tradere)
855 4185 1003 4270 oportet,
1018 4190 1055 4248 ut
1071 4185 1197 4249 srs'rifi-

96 4273 200 4355 oium,
215 4343 216 4346 Ἴ
230 4273 263 4334 in
279 4271 450 4354 gentilium
466 4271 688 4354 immolatione
707 4271 868 4358 positum,
883 4329 884 4334 ,
897 4265 971 4334 Deo
991 4269 1126 4354 g'raturn'
1143 4265 1200 4350 sit,
1286 4263 1291 4282 ³

37 4425 38 4428 ,
98 4359 253 4442 quoniam
283 4356 328 4422 eit
358 4358 423 4422 rite
453 4363 677 4424 ctoinseoratum
700 4356 884 4444 (quizenirn
905 4354 981 4421 Deo
1003 4358 1200 4422 sacrificium
1302 4374 1306 4380 ’

134 4460 282 4514 Fritzselz'e
295 4458 346 4532 Ep.
361 4461 394 4514 ad
408 4460 490 4513 Rom.
506 4461 539 4513 P.
556 4457 602 4512 lll.
1011 4439 1043 4508 R
1099 4447 1100 4452 ¹
