2776 5018
215 389 282 458 aoo
332 351 337 358 '
415 384 707 458 errsroea
742 388 823 457 au
853 387 1130 460 nonanes

186 621 190 628 ,
220 549 321 630 datur
340 543 427 632 (Jes.
450 545 791 628 oo,r.mar.1,1r.)!
811 539 858 627 ᾞ
875 543 1057 633 προςφνρᾶ
1078 564 1142 612 non
1162 543 1334 627 onerifica-

142 646 148 652 '
221 635 359 711 tionem,
380 630 438 696 sed
451 632 484 696 ta
495 633 580 717 rpnud
593 631 800 716 sacrificatur
814 631 958 696 declarat
971 681 980 712 ,
995 641 1033 695 ut
1048 630 1113 696 alia
1131 631 1176 696 V.
1194 631 1239 697 D.
1281 653 1333 694 oe·
1362 711 1365 722 Β

221 726 294 782 cata
309 716 444 782 silentio
460 724 680 803 praeteream.
724 717 797 780 Hoc
812 739 911 781 renum
927 716 1105 782 tenendum
1123 716 1218 794 esse,
1274 739 1332 781 aru-

166 870 170 876 ,
222 805 291 868 lum
320 823 357 866 se
383 799 545 866 tradendo
566 803 737 885 euangelio
759 797 888 866 acerram
909 801 1043 886 aliquod
1065 823 1150 886 opos
1170 822 1332 887 peragere

222 889 332 952 dicere
347 909 452 972 ueqrre
467 887 697 954 similitudinis
713 911 731 951 a
746 887 934 952 sacerdotio
955 889 1072 951 dirutae
1093 887 1263 966 rationes,
1294 909 1333 951 ne

219 969 1332 1144 'tt-'titaniaitatisttrite..¹’⁰¹'a⁰tt⁰i‘¹2⁵aziita

223 1165 242 1206 a
258 1164 294 1206 re
308 1145 403 1206 sacri
416 1140 437 1209 J
440 1141 616 1218 udueorum
631 1153 665 1208 et
679 1124 856 1226 {gentilium
875 1143 1132 1207 abhorruissent
1148 1142 1332 1206 similitudo

220 1250 242 1292 a
259 1228 444 1294 sacerdotio
460 1229 601 1314 repetita
617 1229 838 1294 Romanorum
853 1231 981 1294 animes
1002 1249 1065 1292 non
1089 1228 1279 1314 pepulisset
1299 1239 1331 1292 et

212 1314 321 1380 nerito
336 1309 391 1376 inu
404 1310 537 1395 γένηται
551 1307 572 1397 ἡ
585 1313 765 1418 npogqoopci
774 1315 839 1377 τῶν
850 1309 956 1376 ἐθνῶν
968 1307 1217 1398 εὐπρόςὸεκτος,
1234 1304 1331 1396 ἡγια-

223 1399 326 1483 σμένη
341 1397 375 1462 ἐν
388 1395 551 1479 πνεύματι
568 1391 652 1484 ἁγιῳ
668 1421 768 1463 seusu
787 1398 1060 1466 destituerentur.
1102 1395 1195 1461 Illud
1215 1419 1329 1460 caven·

223 1483 300 1548 dum
329 1489 399 1562 est,
433 1503 473 1545 ne
503 1481 735 1548 similitudinis
761 1483 951 1548 enodationi
971 1504 1026 1546 res
1046 1481 1329 1547 immisceamusa

223 1568 389 1654 scriptore
404 1587 468 1630 non
483 1569 659 1652 cogitatas.
690 1567 764 1634 Hoe
779 1570 858 1633 iecit
873 1589 904 1636 r.
920 1589 949 1636 c.
962 1566 1218 1650 Ttreopipinatna
1233 1587 1328 1630 evan-

222 1654 345 1735 gelium
370 1653 584 1740 secespitam,
617 1653 784 1739 Romaups
806 1654 971 1718 victimam
999 1661 1034 1717 et
1061 1673 1174 1732 voees,
1210 1652 1328 1738 quihus

104 1751 108 1758 '
222 1739 350 1804 Paulus
365 1737 735 1820 Romanosadmonuit,
763 1739 914 1805 victimae
937 1739 1167 1809 mactationem
1189 1736 1258 1801 diei
1280 1759 1329 1800 ar·

223 1823 379 1887 bitratus.
426 1822 698 1905 Tieopiplactaa:
721 1861 760 1872 -
776 1821 838 1910 Μὴ
851 1820 961 1888 τοίνυν
975 1847 1034 1904 μοι
1049 1823 1249 1907 naupactis,
1276 1821 1329 1887 ἐὰν

111 1910 118 1916 ’
221 1904 299 1988 ὑμῖν
329 1903 447 1986 intrim.
496 1905 598 1994 Αὕτη
627 1906 691 1992 γάρ
712 1932 772 1988 μοι
792 1904 955 2013 icpcaurivp
976 1904 1014 1970 τὸ
1036 1907 1272 1991 καταγγέλλειν
1291 1904 1326 1970 τὸ

195 1991 199 2006 ”
222 1991 425 2076 εὐαγγέλιον.
461 1987 645 2078 Μάχαιραν
657 1976 1005 2080 (Ephes.6,li.!)‚a'xco
1017 1990 1075 2058 τὸν
1089 1989 1204 2076 λόγον·
1224 1991 1327 2056 θυσία
1350 2061 1352 2068 ,

223 2075 300 2142 ἐστὲ
316 2069 425 2159 ὑμεῖς·
446 2074 539 2153 eiga
555 2072 598 2151 iia
612 2076 786 2163 μέμψοντο
807 2086 855 2165 τῷ
873 2072 958 2162 ἱερεῖ
975 2073 1035 2162 τὴν
1052 2076 1220 2158 μάχαιραν
1242 2072 1328 2142 ἑπά-

223 2184 316 2248 γοννι
328 2164 398 2237 τοῖς
413 2158 499 2247 πρὸς
511 2161 634 2229 θυσίαν
643 2159 917 2248 'daemonicam
946 2159 999 2228 Ne
1015 2169 1182 2226 cruentam
1202 2162 1327 2225 sacriti-

222 2246 309 2311 cium
326 2243 431 2310 Paulo
445 2244 655 2312 obversatum
670 2270 743 2312 esse
760 2248 843 2312 nihil
860 2246 1007 2311 indicare
1021 2247 1189 2333 repetam,
1217 2246 1327 2311 verbis

220 2327 276 2396 iva
294 2331 428 2415 γένηται
447 2321 468 2412 ἡ
490 2329 669 2417 προςφορὰ
688 2329 768 2412 cai.
785 2329 1042 2415 εὐπρόςδεκνος,
1073 2325 1123 2418 ἦν.
1145 2329 1181 2396 ἐν
1202 2353 1257 2396 νιν.
1279 2329 1327 2416 ἄν.

222 2437 293 2480 rem
308 2412 472 2478 declarari
487 2435 505 2478 e
519 2417 719 2482 sacerdotali
733 2417 896 2500 evangelii
909 2414 1197 2482 administratione
1214 2438 1327 2482 conse-

28 2531 31 2538 v
161 2547 163 2552 ,
222 2510 376 2587 quantem
397 2501 552 2584 emergit.
605 2500 700 2586 Quae
722 2523 821 2589 quum
845 2501 893 2566 ita
914 2502 983 2568 siut
1005 2499 1043 2568 P.
1067 2521 1118 2568 vs.
1142 2500 1193 2567 15.
1219 2511 1254 2566 et
1276 2504 1350 2571 163¹
1385 2531 1387 2578 ν

220 2586 306 2651 hane
334 2585 532 2650 seutentiam
560 2587 761 2654 euurrtiavit:
794 2584 952 2652 audacius
979 2598 1087 2652 aretem
1118 2589 1238 2672 (quam
1267 2608 1326 2676 pro
1386 2605 1387 2608 ’

221 2669 348 2735 summi
367 2671 477 2735 vestri
489 2670 636 2738 bonitate
649 2679 684 2737 et
701 2672 855 2738 absoluti
873 2672 1037 2760 sapientiai
1057 2693 1085 2738 v.
1108 2672 1183 2755 14.)
1205 2673 1326 2762 scripsi

221 2755 334 2836 vobis,
356 2755 499 2837 fratres,
515 2755 640 2843 passim
652 2759 730 2842 (non
748 2763 785 2822 ut
797 2757 948 2822 inaudita
967 2757 1060 2822 vobis
1076 2756 1233 2839 tradens,
1252 2759 1325 2836 sed)

220 2850 261 2905 ut
271 2861 391 2906 rursus
404 2839 498 2906 vobis
517 2841 625 2906 oiiioia
648 2841 680 2906 in
703 2843 892 2908 memoriam
913 2862 1087 2924 revocans,
1114 2850 1151 2907 ut
1164 2843 1326 2930 Apostoli

220 2926 350 2991 muneri
369 2925 595 2993 satisfacerem
619 2927 744 2993 idcirco
764 2928 799 2994 io
819 2949 870 2994 me
890 2948 910 2992 a
932 2927 1006 2993 Deo
1028 2926 1169 3012 benigne
1192 2929 1327 3010 collato,

221 3018 258 3076 ut
271 3012 423 3078 ancarana
434 3013 513 3078 Jean
527 3012 647 3080 Giristi
658 3035 757 3078 casem
794 3014 856 3078 aod
867 3014 914 3079 ad
925 3013 1060 3098 pentiiea
1081 3023 1155 3100 (per
1177 3033 1230 3078 me
1250 3035 1326 3078 con-

222 3094 418 3179 secrandos)
436 3102 573 3182 attinet,
600 3097 656 3186 pai
674 3036 855 3166 escariotis
873 3099 965 3164 modo
980 3097 1047 3162 Dei
1064 3097 1248 3166 doctrinam
1268 3100 1324 3164 in-

221 3187 273 3246 ter
294 3182 431 3282 pentiiea
457 3182 740 3267 administrarem,
774 3189 811 3248 at
827 3181 963 3268 pentiies
981 3186 1059 3271 (per
1077 3182 1195 3265 iidem,
1226 3206 1322 3270 quam

221 3264 359 3330 Chresto
382 3265 597 3369 adjecissent)
623 3273 781 3352 tanquam
804 3265 998 3347 eaairiciran
1020 3268 1086 3334 Dei
1103 3290 1184 3334 arae
1203 3270 1323 3353 admoti

220 3349 293 3414 Deo
308 3360 433 3434 accepte
445 3357 568 3434 essent,
588 3351 704 3435 quippe
718 3356 896 3418 consecrati
911 3371 970 3432 per
982 3352 1134 3438 spiritam
1146 3375 1172 3418 a.
1186 3356 1225 3440 (i.
1240 3375 1321 3441 q.—
1339 3399 1341 3404 -

87 3505 91 3516 .
218 3439 256 3498 at
270 3433 443 3516 Apostoira
464 3455 567 3500 esrem
581 3435 657 3500 iera
674 3435 808 3518 Girieti,
834 3436 917 3522 pared
938 3438 983 3502 ad
1001 3437 1184 3523 pentiiea
1205 3441 1322 3504 attinet

220 3519 271 3606 [in
285 3517 435 3586 doctrici
448 3517 633 3608 diviniper
653 3541 703 3586 me
722 3520 998 3608 confirmandoeJ,
1025 3523 1081 3608 qni
1099 3523 1272 3606 diiipcatcr
1291 3529 1323 3590 et

217 3602 377 3690 reilipiosc
403 3606 585 3671 doctrinam
609 3605 674 3672 dia.
699 3606 872 3690 pentitiiae
898 3609 1080 3688 traderem,
1119 3614 1156 3671 nt
1169 3608 1321 3693 pentiles,

217 3687 273 3774 ptri
285 3687 351 3769 lide
365 3689 493 3756 Uiriato
505 3689 619 3756 taetra
635 3691 680 3756 ad
694 3691 800 3756 Deam
814 3691 1041 3774 accessissent,
1063 3692 1135 3756 Deo
1152 3693 1244 3775 prati
1264 3715 1318 3758 es-

123 3861 125 3868 *
215 3779 305 3924 ¹ccupat,
325 3773 655 3944 qnippespiritnr.
676 3796 749 3860 pcr-
771 3796 830 3842 me
850 3776 969 3872 aucti
986 3785 1024 3844 et
1046 3775 1318 3862 corroborati.

258 3877 425 3945 .supra..

300 4023 345 4091 V.
360 4027 415 4095 1⁷.
458 4019 530 4116 oia]
545 4029 663 4115 ipitar,
684 4031 719 4098 ir.
732 4050 760 4096 c.
776 4051 878 4118 quom
891 4029 1025 4098 Christi
1037 4033 1198 4099 sacerdos
1211 4031 1276 4098 mm
1297 4053 1317 4098 a

214 4108 292 4174 Deo
311 4109 454 4194 henigne
472 4116 693 4198 constitutus,
717 4124 756 4181 ut
777 4135 926 4204 paganos
943 4115 1019 4182 Deo
1038 4139 1269 4184 consecrarem
1292 4121 1317 4187 i.

215 4215 250 4281 q.
266 4217 365 4283 quum
382 4199 513 4266 Christi
529 4200 702 4288 apostolus
716 4200 779 4266 sirn
799 4201 923 4267 idcirco
942 4202 1051 4268 aDeo
1072 4205 1215 4284 benigue
1238 4225 1317 4270 cou-

213 4279 370 4367 stitutue,
391 4291 429 4347 ut
442 4305 589 4372 paganos
604 4285 811 4352 institueram
825 4285 1064 4375 institutosque
1083 4290 1314 4356 confirmarem

14 4406 15 4414 ν
82 4443 89 4450 ⁸
118 4398 122 4410 ·
210 4367 261 4451 (n.
275 4364 329 4438 1⁵.
342 4376 378 4434 at
391 4367 474 4456 lo).
519 4365 692 4458 καύχησιν]
713 4369 786 4460 τὴν
805 4366 965 4458 καύχησιν
976 4371 1019 4442 Β.
1037 4375 1094 4460 [C.
1108 4374 1227 4466 judice
1249 4375 1313 4442 Ti-
