2776 5018
84 434 88 442 ,
172 357 238 444 nro
299 451 302 462 ι
366 355 653 428 nrrsrons
683 330 1072 434 annorauos

170 517 249 602 aunt
260 509 296 579 id
308 520 427 597 agnat,
449 519 486 580 ut
500 513 624 586 cartem
644 513 799 581 honorem
822 523 993 602 praestent
1013 520 1063 602 (v.
1078 517 1136 600 6.).
1178 511 1272 586 Nam·

168 615 264 672 nemo
284 595 434 665 nostrrim
454 599 753 685 (Christianorum)
769 607 836 664 tam
853 601 981 690 impius
1002 611 1072 686 est,
1109 608 1146 666 ut
1165 603 1266 673 vitam

169 703 262 748 suam
283 693 341 748 aut
361 691 500 750 mortem
520 684 564 750 ad
584 707 662 751 seros
681 705 736 750 rss
754 686 877 752 referat
900 695 951 772 (v.
972 691 1034 772 7.).
1077 687 1268 754 Referimus

168 769 253 835 enim
267 768 367 836 vitam
381 778 528 836 nostram
550 779 584 836 et
606 779 743 836 mortem
763 769 805 834 nd
820 771 1001 858 Christum,
1031 776 1117 839 unde
1137 795 1197 848 nos
1217 773 1268 839 ri-

168 858 285 920 ventes
298 861 333 933 et
347 857 527 923 morientes
542 855 666 922 Christo
685 878 746 921 nos
765 856 929 946 subjicere
948 867 1044 947 otqrre
1062 861 1141 924 adeo
1161 879 1267 942 paroe-

168 938 1281 1030 cunquo'upomuseaomoiuutChristumhonoremusfooero·
1330 1003 1331 1006 ,

128 1022 130 1029 ’
167 1034 308 1112 apparet
329 1027 374 1112 (r.
398 1027 433 1094 8.
461 1027 504 1095 ol.
527 1047 555 1091 v.
576 1029 626 1110 6.)
648 1025 685 1110 *l
722 1025 962 1114 'Loquntioues
985 1028 1089 1094 uiuere
1109 1027 1208 1094 alicui
1234 1033 1270 1092 et

111 1167 112 1175 ,
167 1110 253 1176 muri
265 1109 364 1178 alicui
376 1111 541 1178 latissime
554 1119 670 1198 patent
685 1115 732 1194 (v.
746 1127 814 1178 not.
831 1113 872 1176 ad
886 1115 979 1194 6510.
994 1123 1027 1178 et
1043 1113 1115 1178 lora
1136 1135 1154 1178 a
1178 1113 1269 1178 Wei-

166 1193 287 1279 etauio,
309 1194 456 1281 Kyplrim
478 1197 640 1263 Loesnero
652 1196 795 1284 aliisquo
808 1199 850 1262 ad
863 1199 894 1264 h.
909 1199 934 1264 l.
951 1202 1135 1284 congesta).
1178 1197 1269 1264 Nam

167 1301 268 1366 quum
283 1280 384 1348 vitam
399 1288 456 1346 aut
471 1283 607 1348 morters
631 1304 826 1370 quoeunque
846 1285 942 1350 modo
964 1285 1007 1350 ad
1027 1285 1172 1371 aliquam
1196 1284 1270 1348 sive

165 1385 341 1452 personam
357 1368 426 1433 sive
441 1389 511 1437 rem
525 1368 652 1435 reterre
665 1368 833 1450 denotent,
847 1391 931 1458 quoe
946 1371 992 1434 sit
1003 1369 1091 1435 'vitae
1106 1376 1164 1434 arnt
1178 1389 1268 1434 mor-

165 1451 213 1514 tis
226 1451 369 1540 alicujus
383 1475 455 1520 oum
471 1477 508 1520 ro
524 1461 581 1519 aut
594 1456 737 1541 personis
755 1455 842 1518 ratio
863 1477 919 1519 res
942 1463 1000 1519 aut
1020 1462 1170 1520 contexta
1192 1476 1270 1521 ora-

164 1536 215 1600 rio
230 1537 347 1602 dooere
360 1536 467 1605 debet.
511 1537 620 1604 Pansa
635 1546 672 1605 ut
690 1561 757 1605 rem
777 1541 940 1604 illustrem
964 1542 1113 1629 exempla
1135 1561 1269 1643 ponam.

136 1681 138 1688 ,
164 1619 410 1708 Nonnunquam
424 1625 490 1689 eibi
503 1625 612 1690 vivero
634 1645 670 1690 se
689 1647 754 1690 nno
771 1632 958 1690 contentum
977 1643 1085 1713 neque
1105 1627 1192 1692 ahos
1210 1647 1269 1690 on-

164 1717 293 1774 rantem
312 1709 412 1774 vitam
432 1710 552 1793 degere
571 1711 751 1795 signifieat.
795 1709 895 1780 Ovid.
908 1710 1017 1778 Trist.
1029 1715 1061 1794 3,
1069 1712 1142 1794 tt.
1183 1709 1268 1777 Usi-

164 1793 229 1858 hus
243 1794 358 1860 edunto
373 1797 403 1860 si
417 1796 596 1882 quidquam
612 1795 721 1864 eredis
734 1798 837 1861 amieo
857 1798 862 1882 Ι
880 1797 952 1862 vivo
967 1797 1029 1860 tihi
1042 1803 1075 1862 et
1088 1798 1186 1879 louge
1208 1817 1268 1860 no·

164 1880 255 1943 mina
270 1901 387 1964 magna
400 1881 496 1966 fuges
515 1886 520 1966 Ι
539 1881 611 1946 vivo
623 1881 686 1946 tibi
702 1891 925 1968 quantumque
946 1889 1043 1970 potes
1061 1884 1269 1970 praelustria

163 1966 245 2034 vita.
266 1965 271 2051 Ι
291 1965 431 2030 Saevum
449 1967 635 2055 ¹praelustri
656 1967 777 2031 fulmen
801 1967 842 2030 ab
866 1989 941 2031 arne
960 1967 1062 2042 penit.
1104 1966 1267 2033 Valerius
1332 2035 1336 2045 ,

164 2049 452 2130 Maximus5‚4,6.
501 2052 569 2138 Qui
591 2056 717 2138 (Atys,
751 2051 867 2118 Croesi
885 2053 990 2134 filius)
1009 2053 1049 2116 ad
1071 2052 1106 2119 id
1133 2060 1268 2140 tempus

163 2142 276 2203 mutue
297 2137 363 2202 sibi
381 2137 509 2202 vixerat
530 2137 631 2202 saluti
651 2139 800 2225 parentis
819 2138 943 2202 vocalis
965 2139 1074 2202 fantus
1092 2146 1155 2206 est.
1195 2141 1268 2204 Me-

51 2276 54 2284 .
163 2221 291 2286 hender
311 2220 399 2309 apud
413 2221 592 2286 Stohaeum
614 2224 669 2290 tit.
690 2225 764 2289 121.
778 2223 807 2288 d.
829 2223 953 2308 (Gaisi.
973 2222 1018 2288 Τ.
1040 2221 1111 2291 lll.
1129 2245 1169 2312 p.
1187 2226 1268 2294 414.

162 2307 318 2390 ed.Lips.
334 2311 386 2382 Ὠς
399 2301 462 2392 ἡδὺ
475 2307 513 2372 rd
530 2306 602 2391 ζῆν,
618 2305 649 2372 εἰ
664 2303 739 2387 μεθ’
755 2299 801 2370 ὧν
815 2306 921 2392 upirse'
933 2310 984 2384 τὶς
996 2305 1047 2372 dr·
1066 2313 1072 2396 Ι
1095 2305 1268 2376 Τοῦτ’ἒστὶ

162 2391 202 2458 τὸ
221 2391 293 2478 ζῆν·
317 2385 375 2472 οὐχ
390 2385 497 2478 ἑαυτῷ
514 2391 571 2476 ζῆν
591 2389 703 2472 μόνον.
745 2391 846 2458 Haud
866 2415 943 2458 raro
964 2395 1064 2460 alicui
1084 2396 1195 2461 vivere
1216 2397 1266 2461 ri·

96 2525 101 2530 -
162 2489 232 2542 tam
248 2476 290 2540 ad
305 2475 446 2566 alicujus
461 2477 571 2557 studia
583 2480 620 2542 'et
634 2478 835 2543 voluntatem
849 2501 1061 2567 componere,
1083 2479 1184 2546 vitam
1203 2482 1267 2545 ali-

161 2564 217 2648 nui
231 2582 442 2649 consecrare,
457 2561 589 2628 diverso
604 2562 735 2650 quidem
750 2586 812 2652 pro
826 2563 978 2629 oontextel
992 2567 1141 2630 oratione
1156 2587 1270 2648 sensu,

162 2648 324 2718 declarat.
366 2645 718 2756 Gt.2cor.5‚15.o‹p
730 2647 870 2736 Χριστῷ
891 2651 960 2736 ζῆν.
1004 2649 1102 2716 Philo
1118 2651 1171 2715 De
1196 2673 1269 2716 mrs-

161 2735 290 2800 tatinne
309 2733 476 2800 nominum
496 2737 526 2818 §.
539 2735 594 2802 38.
622 2771 664 2784 --
687 2731 757 2798 αλλ’
780 2730 815 2799 si'
830 2755 918 2799 reum
938 2731 1106 2820 ἐξεγένετο,
1123 2735 1184 2812 τὰς
1201 2737 1269 2801 τῶν

162 2816 354 2906 ἀνθρώπων
373 2823 488 2906 φυγεῖν
508 2818 659 2897 σπουδὰς
678 2821 734 2884 arui
753 2816 826 2906 θεῷ
845 2816 937 2906 μόνῳ
962 2813 1070 2908 ζῆσαι.
1112 2819 1268 2906 (Dicitur

168 3037 172 3042 .,
197 2971 226 3042 *)
244 2971 329 3026 Multi
343 2958 547 3040 interpretes'ab
561 2968 639 3041 hujus
653 2969 706 3025 loni
719 2969 849 3026 sententii
865 2991 897 3024 eo
910 2972 1077 3042 obortarum,
1094 2975 1167 3042 quod
1181 2991 1266 3039 quum

230 3043 304 3114 piam
324 3043 503 3107 'opr'rrr'orrem,
533 3037 585 3109 qud
608 3040 733 3096 homines
754 3060 790 3096 rs.
808 3042 835 3095 6.
859 3043 1066 3095 commemorati
1092 3043 1268 3112 ducerentur,

229 3111 366 3235 Apostolo
381 3129 421 3162 rs.
433 3111 460 3162 7.
475 3118 501 3161 et
512 3109 536 3162 8.
549 3107 648 3162 idonei
663 3109 767 3162 ratione
790 3111 1022 3164 corroborandam
1041 3109 1124 3164 luisse
1140 3130 1199 3166 non
1219 3113 1267 3166 in·
1374 3147 1375 3153 ,

229 3191 256 3236 te
269 3181 407 3246 luissent,
426 3197 493 3248 quse
508 3178 540 3230 de
557 3175 599 3246 piis
615 3179 829 3233 Christianorum
843 3178 979 3232 Christum
999 3179 1051 3232 sibi
1069 3187 1096 3232 et
1113 3170 1267 3235 viventibus
1320 3246 1325 3251 ἱ

230 3260 259 3304 el
271 3249 449 3302 morientibus
462 3247 533 3315 leges
550 3249 614 3304 dare
628 3249 832 3301 arbitraturum
847 3245 979 3302 sententii
992 3247 1092 3302 Paulus
1115 3269 1139 3304 r.
1152 3249 1178 3304 7.
1199 3261 1225 3304 el
1239 3253 1267 3304 8.

231 3319 392 3388 disputavit,
414 3317 448 3368 ad
467 3330 530 3367 rem
547 3320 749 3386 veritatemque
766 3319 943 3384 rettulerunt,
967 3312 1104 3371 Christum
1124 3327 1151 3372 el
1169 3319 1268 3377 niven*

230 3389 303 3441 tibus
323 3397 348 3440 et
370 3383 548 3438 morientibus
564 3385 722 3440 Christianis
736 3391 835 3452 ntique
853 3387 989 3456 imperare
1003 3385 1121 3440 Paulum
1138 3387 1164 3442 h.
1183 3390 1204 3443 Ι.
1220 3389 1268 3446 di—

229 3456 298 3508 xisse
318 3454 389 3506 male
408 3453 518 3522 opinati.
552 3453 599 3508 De
613 3453 739 3509 Wettr'rm
752 3455 897 3508 sententias
910 3456 949 3512 sie
963 3457 1123 3511 connexuit:
1142 3458 1268 3512 homines

170 3558 172 3568 ι
229 3543 311 3578 versu
330 3524 358 3577 6.
376 3523 441 3575 dieti
463 3522 570 3576 Christo
590 3523 671 3578 fidem
690 3533 836 3595 praestant.
881 3519 920 3577 Et
944 3536 1018 3579 reete
1040 3527 1152 3594 quidem
1168 3527 1199 3580 r'd
1211 3527 1269 3596 so·

228 3596 314 3649 aiunt.
348 3591 440 3656 [Hane
454 3591 584 3645 nimirum
598 3595 757 3648 sententiam
769 3594 842 3647 uW.
854 3602 915 3648 ante
929 3615 967 3650 vs.
981 3597 1007 3650 7.
1022 3595 1168 3666 cogitando
1186 3591 1270 3664 adjess

200 3664 302 3726 '·elt.].
337 3663 413 3715 Nom
427 3675 508 3718 nemo
522 3661 671 3728 [nostrrlrn]
683 3663 718 3716 ila
730 3662 801 3718 riva
811 3670 858 3714 aut
870 3664 1002 3729 moritur,
1029 3674 1059 3718 ut
1072 3665 1113 3717 sui
1133 3668 1170 3718 sit
1190 3665 1268 3720 arbi-

72 3794 76 3804 Χ
129 3766 132 3772 ·
230 3731 295 3802 nii,
312 3732 359 3784 sed
372 3737 402 3782 ut
424 3729 535 3784 Christo
552 3733 649 3784 subsit.
685 3731 776 3784 Nihilo
793 3731 899 3784 felicius
919 3733 1050 3787 Rer'clrius
1066 3730 1196 3788 sententia
1230 3735 1287 3796 ita.

168 3805 171 3814 '
229 3801 376 3857 cohaerere
388 3799 494 3852 statuite
512 3810 619 3863 oportet
633 3801 702 3866 [sin]
713 3811 740 3854 et
754 3799 847 3854 firmos
860 3810 886 3854 et
898 3797 1021 3856 infirmos
1032 3800 1156 3856 homines
1169 3803 1206 3868 [C
1226 3805 1267 3856 ri-

132 3893 134 3896 ·
230 3871 344 3934 stianos]
359 3887 386 3921 se
405 3869 437 3922 ad
449 3869 504 3920 Dei
522 3867 656 3936 [Christi]
677 3871 840 3922 voluntatem
857 3885 1026 3940 componere
1047 3877 1085 3932 (r.
1105 3871 1152 3940 6.).
1187 3873 1267 3925 Nam

230 3939 356 3994 homines
368 3936 439 4000 [imo
453 3929 614 4004 Christiani]
627 3950 653 3993 et
667 3939 782 3990 viventes
797 3947 823 3988 et
836 3939 983 3993 morientes
993 3939 1021 3992 in
1033 3939 1092 3992 Dei
1105 3941 1174 4005 [inno
1186 3943 1267 3996 Chri·

230 4011 281 4072 str']
299 4016 431 4077 potestate
448 4017 513 4061 sunt
538 4010 604 4076 [imo
628 4023 659 4060 se
682 4023 745 4060 esse
765 4009 813 4072 pie
836 4011 1077 4073 existimantJ.
1119 4009 1267 4064 Postremo

170 4121 173 4130 .
231 4079 408 4132 Ruselertus
419 4077 458 4144 ll,
475 4096 500 4147 p.
514 4078 573 4131 232.
586 4075 667 4140 [nolo
681 4075 753 4130 enim
772 4076 848 4146 plura
858 4077 1015 4146 hujusmodi
1030 4089 1138 4147 peccata
1151 4098 1268 4134 coacer-

169 4139 192 4154 ”
231 4153 310 4211 vare)
322 4145 437 4200 Paulum
450 4153 527 4200 rente
542 4145 679 4217 cogitandi
698 4145 770 4214 leges
791 4145 903 4200 violasse
923 4146 1066 4220 perhibuit.
1101 4135 1170 4200 Nam
1185 4152 1265 4220 Apo-

230 4217 342 4283 stolum,
360 4217 404 4270 cul
414 4215 581 4268 Christianos
595 4231 659 4267 uere
674 4215 700 4267 id
708 4217 815 4283 lucere,
834 4216 907 4284 quod
923 4234 970 4268 sos
981 4213 1072 4273 facere
1085 4229 1126 4270 vs.
1140 4217 1167 4270 6.
1183 4217 1266 4274 dixis-

231 4297 287 4341 set.
307 4306 345 4342 vs.
359 4284 386 4338 7.
404 4294 430 4337 et
443 4284 468 4338 8.
483 4284 681 4338 ostendendum
695 4293 778 4353 esset,
802 4303 847 4336 eos
862 4283 931 4338 illud
944 4302 1012 4339 sarae
1026 4283 1121 4341 lenisse
1141 4305 1181 4340 ea·
1201 4287 1268 4357 affin

231 4355 317 4411 ciniis
329 4353 457 4426 imposito
471 4372 506 4412 rs.
516 4355 542 4413 7.
556 4362 584 4408 et
593 4355 619 4412 8.
632 4354 831 4408 demonstrasse
845 4355 885 4422 (l).
