2776 5018
162 333 272 477 jau.
388 367 684 463 urrsr‘ocn.
715 370 794 442 nn
830 323 1108 444 nonanes

135 569 136 572 ¹
156 581 157 584 ,
200 553 238 600 se
251 532 403 601 Corinthi
417 530 664 634 ahjrrdirasscnt
676 530 709 598 h.
723 531 750 598 1.
764 527 892 596 dixisse
909 529 1065 618 opinatus
1077 533 1138 594 est.
1183 533 1299 616 Itaque

29 650 33 666 ν
117 621 119 627 ‘
199 626 304 682 toturn
326 620 510 684 sententiae
530 618 659 702 pondos
680 617 780 682 verbo
802 612 867 696 digai
886 615 997 680 inesse
1019 614 1104 697 (sitm
1124 613 1168 680 cf.
1183 618 1300 704 supra)

20 705 22 717 '
201 709 237 770 et
262 701 334 788 τὴν
353 700 513 787 καύχησιν
533 701 674 769 Paulum
701 702 879 790 scripsisse
893 701 1075 786 praefatus
1090 701 1229 764 'versura
1251 701 1300 765 17.

201 789 251 856 ita
275 790 461 854 enarravit:
474 831 475 836 κ
481 787 670 872 possideo
688 787 791 872 ‚tpitnr
815 785 995 874 (quidquid
1012 783 1165 851 Corinthi
1181 783 1305 848 ‘adver-s

124 909 126 914 .
165 927 168 933 „
202 873 286 940 sarii
302 874 366 938 mai
380 873 620 959 obloquantur)
638 892 744 938 meam
765 871 879 958 (quarn
892 871 1041 958 improbe
1062 869 1115 933 ilii
1135 871 1216 934 mihi
1237 872 1303 938 eri·
1359 869 1363 884 '

191 978 283 1048 ¹pere
297 960 472 1044 conantur)
490 957 714 1042 placitationem
735 978 808 1039 per
828 957 913 1042 (εἰει
935 957 976 1022 ci.
999 955 1117 1044 supra)
1141 955 1302 1022 Christum
1382 1027 1385 1030 ,

202 1047 312 1110 Jesum
329 1050 416 1108 certe
428 1043 515 1124 opud
529 1043 672 1122 Deum,
699 1042 833 1108 etiarnsi
847 1039 991 1106 fortasse
1010 1063 1073 1104 non
1087 1039 1175 1126 apud
1200 1039 1303 1103 honri-

10 1193 17 1206 ,
172 1175 174 1185 ·
198 1139 262 1204 ‘nes
278 1127 360 1215 (sica
381 1147 411 1192 ν.
428 1130 556 1214 supra).
600 1124 654 1190 Ne
668 1127 767 1208 vitia,
788 1126 836 1197 de'
847 1127 968 1213 quihus
977 1125 1046 1214 jam
1063 1146 1163 1212 supra
1180 1124 1303 1188 dictum

69 1228 71 1232 '
199 1221 275 1293 est,
297 1213 404 1278 denuo
416 1213 654 1301 perstringam,
676 1213 812 1287 fuerunt
828 1213 888 1298 qui
904 1209 1009 1276 Paulo
1026 1209 1178 1276 Corinthi
1193 1211 1303 1274 obtre-

201 1293 1303 1380 ctarnntvaniostentatores2Cor.10,l2.etinPauliproninoiam

199 1391 326 1448 temere
341 1384 528 1448 involarent
541 1384 562 1446 2
576 1383 651 1450 Cor.
673 1385 725 1462 10,
741 1385 806 1461 16„
830 1383 887 1448 sed
903 1382 1116 1448 eosPaulum
1130 1381 1304 1466 gentilium

202 1468 409 1534 sacerdotem
424 1469 645 1556 (apostolum)
657 1489 730 1532 esse
746 1489 764 1530 a
779 1467 915 1541 Christo
930 1468 1143 1537 constitutum
1167 1487 1304 1550 negasse

132 1636 133 1644 Ι
200 1551 330 1656 h'ardus
357 1553 469 1619 2Cor.
493 1556 545 1620 10.
569 1555 621 1616 ll.
651 1574 723 1616 non
746 1552 914 1620 indicavit.
964 1551 1032 1627 Sed
1061 1551 1112 1614 foc
1140 1551 1220 1614 illos
1247 1553 1305 1615 hoe

200 1637 746 1812 1666λῖ66688ῖὶῗλῖλ
758 1635 1059 1810 inmittat
1064 1635 1305 1786 νλλῖῖλλῖλλ

202 1808 406 1894 velti'cassct,
449 1807 538 1872 Tum
561 1807 744 1895 sententia,
767 1828 864 1894 quarn
884 1807 1003 1874 Raecio.
1026 1807 1138 1871 versui
1156 1807 1209 1875 17.
1231 1807 1305 1870 suh-

71 1923 78 1944 ι
199 1893 305 1984 Ιαείλ,
323 1915 388 1958 non
401 1893 639 1976 congruitcam
655 1913 705 1960 νε.
723 1892 781 1972 18,
803 1892 870 1956 nisi
884 1913 957 1956 eum
973 1891 1193 1980 perverteris.
1237 1890 1305 1956 De·

202 1975 309 2066 niquc'
320 1979 491 2058 linconiensi
505 1978 653 2067 suspicio
668 1998 751 2042 vana
772 1985 825 2042 est
844 1985 1043 2066 propterea,
1065 1973 1153 2063 quod
1177 1985 1306 2042 senten·
1362 1996 1365 2001 ¹

201 2065 251 2129 tia
265 2085 315 2130 νε.
330 2065 383 2132 17.
405 2083 485 2128 ovs.
502 2065 552 2130 16.
574 2070 666 2142 recte
686 2063 826 2128 collecta
852 2071 905 2128 est
925 2071 960 2127 et
979 2083 1099 2126 causae
1119 2061 1153 2125 in
1176 2066 1306 2148 prhmtu

202 2157 299 2227 sunt,
333 2147 468 2234 quihus
483 2147 602 2228 drretus
633 2143 674 2215 P.
701 2149 1085 2232 sancrosanctum.
1110 2147 1306 2216 senteutiam

92 2254 99 2261 ’
201 2254 253 2306 νε.
267 2237 321 2301 17.
336 2234 489 2322 posuerit
501 2233 563 2318 (ct
573 2234 707 2322 supra).

192 2439 197 2448 χ
286 2441 512 2518 v.18.-‘2l.
557 2443 596 2514 οὗ
619 2441 923 2598 μὰμτολμήσωμ
950 2445 989 2515 Β.
1013 2447 1054 2514 od
1074 2418 1138 2534 ydp
1158 2442 1307 2530 ιαλμαῖ.

30 2575 32 2582 ·
96 2601 97 2606 ,
200 2529 448 2614 Ηελιελαολμαῖ
469 2534 567 2600 ctiam
591 2531 756 2598 Maximus
780 2531 884 2596 Diei·
918 2529 967 2601 ΙΙ.
987 2533 1029 2599 de
1046 2556 1073 2598 s.
1088 2533 1242 2598 trinitate
1263 2539 1308 2618 (ν.

173 2700 176 2708 ,
204 2619 391 2686 Athanasii
406 2619 522 2708 Opera
542 2617 593 2700 ll,
615 2618 691 2686 229.
714 2617 764 2683 ed.
783 2618 1087 2706 6011686101),
1108 2621 1165 2704 qui
1179 2641 1308 2685 versum

182 2704 256 2772 ’18
276 2703 485 2784 memoriter,
507 2711 544 2768 ut
567 2702 717 2790 ridetup,
739 2703 876 2768 citatum
899 2703 948 2768 sic
966 2702 1136 2770 formavit:
1158 2698 1199 2752 -’-
1223 2701 1309 2788 λέγει

201 2788 265 2874 γὰρ
278 2783 385 2872 οὕτως
400 2781 433 2872 [ὃ
449 2789 602 2870 Παῦλος]
618 2783 671 2852 ὅτι
686 2783 725 2852 οὐ
743 2787 883 2869 ιολμαῖ
904 2787 1100 2870 (Maximum
1123 2785 1186 2872 γὰρ
1209 2810 1310 2870 agno-

203 2874 293 2943 visse
309 2876 467 2962 apparet)
492 2896 534 2938 ac
565 2873 638 2975 ipa)
670 2871 806 2958 tripete
829 2863 881 2936 ὧν
897 2869 937 2938 αὖ
956 2869 1200 2958 κατειργάσατο
1219 2870 1311 2954 Χριέ

202 2973 284 3080 padc-
310 2972 353 3039 δι’
382 2971 465 3056 ἐμοῦ
492 2973 601 3060 λόγῳ
632 2974 703 3038 καὶ
731 2971 840 3059 ἔργῳ
863 2967 1138 3061 εἰς’ὖπακοήν
1157 2971 1310 3052 ἐθνῶν,

202 3083 239 3124 εν
260 3055 404 3141 ’δυνάμει
430 3055 577 3146 σημείων
605 3061 662 3122 καῖ
690 3061 854 3144 τεράτων,
890 3055 924 3124 ἐν
954 3060 1092 3141 δυνάμει
1121 3059 1312 3139 πνεύματος

201 3141 310 3228 ἁγίου.
354 3145 466 3208 λαλεῖν
485 3145 534 3230 ιι]
558 3145 587 3208 l.
607 3143 757 3243 λαβεῖν
778 3167 822 3210 ιι
842 3143 939 3228 (sic).
964 3145 970 3230 Ι
996 3148 1044 3214 Α.
1065 3143 1105 3213 Β.
1120 3144 1159 3212 G.
1183 3147 1234 3212 37.
1256 3144 1312 3214 80.

202 3267 244 3316 at
258 3245 369 3310 λαλεῖν
388 3245 393 3332 Ι
415 3245 457 3310 1).
473 3243 512 3309 Ε.
528 3243 568 3310 1³.
586 3242 628 3310 G.
648 3267 689 3308 aa
704 3240 811 3308 εἰπεῖν
831 3245 836 3330 Ι
854 3247 909 3311 76.
925 3243 986 3310 Mt.
1000 3245 1034 3312 d.
1056 3243 1175 3331 Chrys
1199 3246 1311 3312 Theo-

142 3381 144 3385 .
203 3329 313 3397 deret.
335 3329 526 3416 Theophyl.
548 3350 589 3392 ιι
612 3329 758 3412 λαλῆσαι
782 3327 789 3414 Ι
816 3329 968 3396 Basilius
988 3351 1016 3396 c.
1038 3329 1177 3396 Erinom.
1201 3333 1246 3396 V.
1275 3334 1323 3408 in

202 3414 264 3482 nn.
285 3436 328 3478 ιι
347 3411 454 3498 λέγειν
472 3421 477 3496 Ι
496 3413 664 3478 Maximus
677 3415 703 3480 1.
717 3413 745 3478 l.
764 3433 798 3475 ac
812 3409 876 3497 ἐγὼ
892 3413 1008 3499 λέγειν.
1053 3415 1103 3479 Ex
1123 3415 1184 3480 hac
1206 3417 1312 3482 lihro-

203 3519 278 3566 rum
302 3497 526 3584 discrepantiai
547 3495 687 3562 Paulum
706 3517 775 3561 nou
799 3496 912 3562 λαλεῖν
931 3521 966 3562 τι
994 3497 1032 3583 (1
1050 3499 1175 3567 Thess.
1202 3505 1233 3582 1,
1247 3503 1313 3586 8.)‚

205 3581 266 3650 scd
285 3603 318 3649 τι
340 3582 472 3662 λαλεῖν,
494 3575 581 3683 quod
600 3581 831 3655 Lachmannua
855 3581 978 3664 edidit,
1007 3585 1185 3674 scripsisse
1208 3587 1313 3652 disci-

206 3689 293 3736 mus.
335 3667 465 3732 Λαλεῖν
479 3668 585 3732 dicere
597 3666 705 3748 valet,
725 3673 762 3730 ut
776 3674 865 3732 recto
880 3676 1073 3738 statuerunt
1094 3671 1312 3750 glossatorem

205 3749 836 3906 thtttthhttt‘titt⁸⁰¹⁴
863 3759 1042 3922 titt·
1058 3753 1313 3925 ἶλῖλῖλῖ·

105 3958 113 3971 2
204 3924 290 4010 ινα).
336 3885 554 3989 Proiciamus·
571 3921 654 4006 qnod
672 3920 732 3986 titt
749 3858 989 4006 pidriosum’sit
1011 3861 1103 3989 nodio
1124 3926 1156 3990 h.
1170 3927 1196 3996 Ι.
1217 3864 1313 3991 inam

205 4017 261 4074 est
273 4018 306 4074 et
320 4007 469 4072 oratione
488 4006 638 4070 contentia
650 4025 719 4083 ‚non
734 4003 767 4068 in
781 4007 892 4072 verbo.
925 4031 960 4073 ιι
981 4010 1092 4073 λαλεῖν
1107 3999 1167 4094 ὧν]
1183 4011 1208 4078 i.
1223 4033 1255 4079 c.
1279 4035 1322 4075 ιι-

201 4093 319 4158 λαλεῖν
331 4086 478 4170 τούτων,
500 4081 522 4155 'd
536 4128 587 4154 -.
609 4088 711 4175 (Win.
724 4111 774 4172 gr.
785 4113 819 4178 p.
830 4095 932 4176 158).
957 4117 1007 4171 εις
1019 4116 1171 4181 υιιακαην
1185 4100 1312 4180 shows]

127 4223 130 4230 ,
207 4185 243 4242 nt
259 4177 471 4242 obedientiam
483 4195 685 4260 paponornm
707 4175 863 4258 (Christo
879 4178 1127 4266 praestandam)
1146 4179 1314 4270 efficerem

177 4313 181 4326 ,
208 4261 233 4330 i.
249 4283 281 4351 q.
298 4269 335 4328 ut
351 4282 498 4365 paganos
515 4261 650 4328 Christo
668 4260 860 4330 obedientes
875 4263 1046 4331 redderem
1061 4265 1244 4354 Ια1.1,5.).
1274 4264 1313 4333 si
