2782 5018
73 353 98 500 s
178 336 311 488 „aas
389 376 695 502 ‚crissoni
729 399 1118 496 annonarios

204 561 297 631 thius
312 561 344 628 in
354 561 399 632 ll.
411 567 444 646 β.
459 563 577 652 11337,
592 563 645 630 12.
662 560 837 641 ἐπαινετὸς
853 561 892 632 ad
909 561 1075 642 ἐπίθετον
1086 567 1142 632 καὶ
1153 561 1307 634 Ἐπαίνε-

204 647 1306 826 :aaanatantataratant-attentat

206 822 395 908 suspicatus
415 827 486 899 est,
508 819 730 908 Epaonetum‚
757 820 900 904 primum
918 843 964 888 ea·
984 821 1119 887 Arianis
1142 823 1306 890 Christia-

204 927 299 985 num,
321 906 399 970 olim
409 905 514 970 Musis
528 906 634 972 sacris
649 903 815 971 addictum
830 905 952 989 inisse,
974 905 1129 994 quoniam
1145 909 1307 997 Apostoli

205 991 240 1056 in
257 990 460 1075 regionibus,
474 991 506 1054 io
523 989 645 1077 quihus
659 998 694 1056 et
709 989 829 1059 Iudaei
845 1001 883 1057 et
896 993 1016 1079 pagani
1033 993 1197 1076 viverent,
1211 995 1306 1083 prius

205 1075 247 1140 ad
269 1077 366 1153 illos,
395 1096 493 1162 quiam
521 1076 563 1146 ad
586 1077 646 1140 hos
670 1097 707 1140 se
725 1077 970 1142 convertissent
991 1079 1072 1144 Act.
1096 1079 1148 1157 18,
1170 1081 1222 1154 6.,
1245 1099 1307 1166 pro

204 1171 295 1224 certo
322 1161 483 1234 affirmari
511 1169 634 1249 potest.
684 1155 723 1238 dc
743 1159 832 1226 dcccc
858 1159 993 1248 ἀπαρχὴ
1015 1165 1076 1247 τῆς
1099 1161 1234 1244 Ἀχαΐας
1258 1161 1307 1241 εἷς

81 1274 84 1285 ·
167 1327 170 1333 ¹
203 1243 371 1331 Χριστόν]
396 1246 674 1332 Chrysostomus:
694 1241 799 1310 -Ἧ
809 1243 880 1352 ydp
898 1243 1000 1313 τοῦτό
1023 1268 1137 1334 φησιν,
1166 1243 1306 1312 ὅτιτῶν

84 1367 88 1373 «
115 1350 119 1354 ·
203 1330 315 1395 ἄλλων
326 1323 482 1404 ἁπάντων
496 1329 717 1417 προεπήδησε
733 1333 792 1397 καὶ
806 1330 1014 1412 επίστνασεν,
1033 1325 1119 1438 ὅπερ
1135 1327 1175 1398 οὗ
1187 1332 1306 1418 μικρὸς

202 1415 343 1491 ἔπαινος
351 1462 361 1492 ,
386 1409 478 1503 iidoc
494 1405 831 1484 aduersandum
844 1415 985 1482 aristosa
1001 1416 1230 1482 ἐπιδεικνυται
1249 1415 1306 1504 τὴν

201 1495 387 1582 εὐλάβειαν.
431 1499 530 1570 Prior
544 1501 721 1588 explicatio
739 1522 816 1566 vera
844 1507 898 1566 est
919 1501 978 1582 (cl.
992 1523 1024 1570 v.
1039 1504 1072 1569 7.
1087 1513 1121 1567 et
1135 1513 1204 1568 not.
1219 1501 1305 1584 ad8,

201 1585 287 1672 23.).
331 1585 502 1668 Salutate,
525 1587 636 1673 inquit
650 1585 709 1668 P„
733 1580 955 1687 Epaonetum,
976 1608 1089 1654 carum
1106 1587 1187 1652 mihi
1201 1587 1305 1653 homi·
1384 1633 1385 1648 2

201 1693 274 1736 nem
283 1720 302 1757 ,,
314 1671 456 1758 primum
471 1693 511 1737 ex
524 1671 673 1740 Achaeis
686 1671 865 1758 (Asianis)
880 1671 967 1758 quod
979 1671 1021 1735 ad
1036 1672 1206 1738 Christum
1216 1667 1304 1740 'attt-
1350 1744 1352 1752 ‚
1384 1741 1385 1748 ¹

200 1767 276 1838 net,
296 1778 377 1840 crgo
399 1759 541 1844 primum
562 1778 602 1822 ex
622 1757 770 1822 Achaeis
785 1757 964 1844 (Asianis)
981 1757 1211 1823 Christianum
1232 1759 1305 1846 (qui
1384 1785 1385 1824 1

113 1867 116 1874 ·
199 1841 354 1932 Achajac
376 1843 498 1928 [Asiae
522 1844 773 1950 proconsulari]
794 1842 931 1930 pictatis
947 1845 1133 1930 exemplum
1173 1845 1303 1912 raeine-
1383 1831 1385 1914 1

199 1928 268 2001 rit).
295 1922 445 2014 ἀπαρχὴ
464 1924 524 2015 τῆς
542 1925 723 2014 Ἀχαΐας]
748 1925 883 2011 απαρχὴ
902 1926 964 2014 τῆς
981 1925 1118 2002 Ἀσίας
1178 1979 1185 1994 .
1207 1929 1249 1998 Β.
1265 1929 1302 1999 C.
1383 1923 1385 1976 1

59 2042 62 2050 ’
199 2013 272 2081 111
285 2011 323 2077 Ε.
341 2011 369 2076 F
371 2061 380 2080 .
397 2013 439 2080 G.
456 2008 490 2080 6.’
503 2015 604 2078 67.llil
619 2010 717 2100 Copt.
733 2013 839 2081 Aeth.
856 2020 955 2082 Arm.
971 2010 1016 2080 lt.
1030 2013 1130 2094 Vulg.
1141 2013 1302 2084 Damaso.
1384 2007 1385 2010 ¹

196 2088 251 2181 ll,
265 2101 319 2166 ³8.
343 2097 422 2166 Rut
435 2096 560 2163 diserte
575 2097 830 2164 Ambrosiaster
847 2096 960 2183 Pelag.
976 2099 1070 2164 Hier¹
1094 2097 1211 2166 Sedul.
1237 2100 1301 2166 Be·

200 2185 256 2252 da.
305 2182 493 2250 Protraront
517 2179 632 2260 Ἀσίας
661 2184 811 2267 Grotius,
833 2181 925 2249 Mill.
948 2183 987 2248 ad
1013 2184 1044 2252 h.
1064 2185 1089 2250 l.
1111 2195 1145 2249 ct
1167 2182 1301 2270 Proleg.
1384 2197 1385 2200 ’

79 2295 84 2300 ·
198 2273 231 2354 6.
245 2269 340 2349 6811,
363 2267 491 2354 Benpol.
515 2269 548 2334 in
563 2289 672 2352 gnom.
688 2269 832 2356 aliique,
855 2277 1054 2357 receperunt
1067 2267 1302 2348 &traductitia

199 2355 390 2438 Kaappius,
411 2353 646 2418 Lcclmuncus
658 2364 692 2418 ct
705 2355 775 2420 alii.
820 2352 943 2419 Contra
965 2356 1004 2420 de
1017 2357 1155 2420 Ammon
1176 2365 1211 2420 et
1230 2355 1313 2425 dW.·

193 2437 328 2520 ’Λχαΐας
341 2437 560 2502 defenderunt
577 2438 656 2523 Syri
678 2437 876 2503 auctoritato
896 2440 981 2506 nixi.
1025 2439 1198 2505 Disci'mus
1221 2463 1299 2506 sane

49 2597 56 2617 s
76 2525 78 2528 ’
101 2572 108 2587 ,
197 2545 238 2589 cx
252 2523 336 2608 Syro
348 2521 417 2612 jam
434 2522 678 2609 antiquissimis
690 2525 896 2610 temporibus
911 2525 1093 2588 variantem
1114 2525 1300 2607 lectionem,
1383 2559 1385 2588 ;

84 2649 88 2659 »
197 2607 240 2674 de
263 2611 329 2695 qui
349 2610 573 2694 disputamus,
595 2607 776 2676 exstitisse.
819 2607 887 2690 Sed
909 2631 949 2672 ex
966 2608 1096 2700 Achajsi
1111 2611 1232 2676 Asiam
1253 2611 1299 2676 li·-

83 2687 89 2697 ’
141 2697 146 2706 “
196 2693 328 2760 hrarios
348 2695 487 2774 fecisse,
515 2715 555 2758 ne
575 2691 628 2758 hic
650 2695 674 2757 1.
694 2691 896 2761 cumlCor.
918 2695 1057 2775 16‚15.‚
1079 2696 1135 2760 uhi
1157 2695 1300 2785 Stepha-
1344 2705 1385 2774 ᾖ

196 2780 308 2856 nionis
326 2779 451 2844 iamilia
466 2779 573 2866 prima
590 2779 800 2846 Achaeorum
825 2779 866 2844 ad
879 2779 1007 2847 Christi
1021 2779 1232 2870 disciplinam
1247 2803 1300 2846 ac-

196 2866 341 2932 cessisse
362 2865 504 2941 dicitur,
528 2864 613 2928 nihil
635 2863 756 2930 indicio
777 2875 840 2931 est.
881 2865 968 2932 Nam
986 2865 1043 2952 qui
1064 2862 1196 2946 Ἀχαΐας
1218 2869 1252 2935 h.
1275 2869 1298 2934 Ι.

102 2976 105 2983 ’
195 2953 353 3032 legerunt
365 2961 398 3014 ot
416 2949 647 3037 explicuerunt
661 2953 743 3033 (uc.
762 2951 888 3033 Chrys.)
900 2951 1004 3016 videri
1022 2953 1161 3015 Paulum
1178 2955 1209 3016 h.
1226 2953 1250 3020 l.
1265 2959 1298 3018 ct

196 3035 311 3104 lCor.
333 3037 444 3115 16,15.
461 3035 643 3124 pugnantia
659 3036 751 3121 loqui
769 3038 859 3100 nulli
876 3057 951 3100 voce
967 3034 1167 3118 iudicarunt.
1211 3037 1296 3108 Mihi
1383 3089 1384 3092 ,

196 3119 456 3210 qnoque³Aoicc
480 3123 512 3186 h.
531 3121 555 3186 l.
579 3117 720 3185 aPaulo
743 3123 924 3210 proiectum
947 3115 1023 3186 css'e
1043 3120 1193 3204 videtur,
1216 3145 1297 3210 qaro-

195 3209 285 3274 niam
307 3228 369 3272 non
394 3205 564 3288 intelligo,
588 3211 647 3292 qut
671 3207 702 3271 h.
717 3207 741 3272 l.
766 3228 837 3271 cum
865 3206 975 3273 lCor.
993 3209 1044 3286 16,
1060 3207 1110 3273 15.
1123 3209 1296 3274 conciliari

5 3293 7 3300 '
103 3313 107 3322 ’
195 3289 324 3380 possit,
346 3291 412 3356 nisi
432 3291 520 3355 forte
543 3288 682 3355 Pauhun
695 3291 836 3369 primam
857 3291 961 3356 luisse
975 3313 1015 3356 cx
1030 3291 1179 3359 Achaeis
1201 3293 1296 3360 Chri·
1384 3305 1385 3314 ’

196 3380 361 3455 etiannum,
384 3375 442 3462 qui
462 3375 626 3457 inprimis
641 3374 844 3441 Christianis
862 3377 1007 3462 achaicis
1020 3376 1159 3458 luisset,
1189 3378 1296 3467 lipac-

82 3481 90 3506 i
195 3472 307 3528 netum
323 3453 554 3544 ὑπερβολικῶς
567 3461 778 3528 contendisse
792 3462 974 3528 censueris.
1017 3460 1083 3546 Qui
1099 3469 1152 3528 est
1170 3463 1204 3528 in
1220 3467 1295 3548 pri-

195 3549 266 3615 mis
279 3545 482 3617 Christianis
504 3545 648 3610 achaicis
668 3543 882 3630 (Memno),
906 3547 927 3612 1.
942 3565 972 3614 α’.
996 3541 1034 3623 dg
1053 3545 1144 3612 ἐστιν
1163 3545 1297 3636 ἀπαρχὴ

195 3657 249 3710 τις
262 3634 323 3715 τῆς
331 3629 466 3710 Ἀχαΐας
479 3626 528 3706 εἰς
539 3627 688 3716 Χριστόν
711 3630 779 3697 Jacc.
796 3633 886 3710 1,18.
901 3653 931 3699 v.
947 3653 965 3694 a
984 3629 1090 3696 Paulo
1103 3633 1216 3722 posita
1231 3655 1293 3700 non

195 3720 397 3802 significant.
427 3715 464 3780 Si
479 3726 612 3802 praeter
626 3714 861 3802 Stephanionis
877 3717 1075 3782 domesticos
1090 3718 1150 3783 alii
1166 3720 1297 3785 Achaei

195 3803 308 3869 eodem
328 3809 478 3888 tempore
499 3800 540 3864 ad
562 3796 689 3866 Christi
707 3823 804 3868 ¹sacra
824 3802 1028 3867 transierant
1043 3802 1168 3890 (ch),
1188 3825 1296 3892 neque

195 3890 275 3954 illos
293 3890 415 3972 primos
434 3907 474 3952 ex
496 3887 647 3954 Achaeis
670 3885 882 3952 Christianos
900 3891 917 3952 1
932 3887 1010 3954 Cor.
1028 3890 1077 3968 16,
1096 3889 1167 3970 ld„
1190 3910 1297 3977 neque

193 3975 402 4061 Epaonetum
424 3971 598 4058 11011116,
619 3971 653 4036 5.
675 3973 815 4052 primum
835 3993 875 4036 ex
897 3973 1043 4038 Achaeis
1064 3973 1296 4040 Christianum

195 4069 286 4126 recte
309 4056 347 4124 Ρ.
368 4053 558 4146 appellavit.
584 4111 585 4114 ,
608 4053 784 4122 Postremo
806 4057 971 4122 Wetsteaii
992 4057 1198 4144 Epaenetum
1220 4058 1297 4126 Ste·
1384 4095 1385 4098 ¹

221 4144 370 4222 haalonis
383 4143 596 4208 domesticum
618 4141 724 4206 luisse
741 4143 943 4231 suspicantis
963 4163 983 4206 o
1008 4142 1077 4210 inio
1095 4165 1203 4230 nequo
1218 4165 1314 4232 pro··
1384 4151 1385 4184 l

194 4167 319 4303 habilis
339 4233 408 4309 est,
436 4249 542 4314 neque
562 4224 793 4292 difficultatem
816 4227 920 4293 tollit.
1006 4249 1077 4309 am,
1099 4229 1212 4294 sisio
1238 4230 1297 4294 ha·

192 4313 304 4380 ‘aionis
317 4313 489 4378 domestici
502 4310 603 4397 primi
618 4333 659 4377 ex
672 4312 821 4388 Achaeis
836 4313 1022 4378 Christiani
1035 4315 1089 4380 luc
1155 4319 1170 4378 t
1187 4319 1205 4380 l
1263 4335 1297 4382 r.

196 4401 249 4484 16,
265 4400 314 4467 15.
323 4447 334 4483 ‚
355 4421 420 4466 non
435 4406 524 4466 rocta
538 4419 653 4467 corum
667 4418 752 4469 uuus
767 4397 896 4488 primus
910 4419 952 4466 ex
967 4398 1115 4469 Achaeis
1180 4400 1297 4468 ristia·
