2776 5018
411 359 532 442 can.
560 361 643 430 xv.
685 361 754 429 vs.
781 365 845 434 ιι..
887 345 889 350 ’
958 317 962 324 ’
1119 363 1184 434 aar

82 515 308 602 salnendorlro]
325 517 369 584 D.
385 515 423 582 ll.
438 515 476 581 F.
494 515 535 582 G.
549 517 603 585 37.
655 515 729 582 Ησσ
741 515 974 586 Lachmanmn
988 539 1062 587 rcae
1089 519 1114 583 it
1127 541 1181 587 re·

81 613 201 688 utaque
213 603 249 666 id
264 625 336 668 cum
352 603 471 668 iecisse
480 601 674 690 judicarunt
688 601 858 688 lieiclrian,
881 602 998 668 lineola
1016 614 1049 668 ct
1106 628 1179 686 ene-

79 706 157 772 rrm,
179 686 526 754 librarios'articulnm
540 709 659 776 parurn
675 687 877 752 intellectum
899 690 1180 761 sustulisse'rati.

8 801 11 814 ·
79 771 1014 840 Ataliislocisscrilrachoeartiaulononull'cneisunl.
1056 773 1180 858 lond,
1265 775 1267 780 ’

9 897 10 900 =
47 855 49 863 '
78 855 132 923 34.
155 853 219 940 ἐγώ
237 859 274 924 δὲ
291 855 330 922 σύ
348 854 442 943 παρὰ
463 852 649 962 ἀνθρώπου
671 855 744 941 τὴν
762 858 999 944 μαρτυρίαν
1018 855 1177 938 λαμβάνω

77 977 130 1010 -.
150 939 184 1021 5,
197 941 250 1008 36.
273 941 336 1028 ἐγὼ
351 945 388 1008 δὲ
404 943 467 1022 ἔχω
485 963 559 1026 την
580 941 814 1027 μαρτυρίαν
828 940 931 1022 μείζω
941 943 1003 1008 ταῦ
1014 939 1177 1016 Ἰωάννου.
1300 949 1309 962 ’

79 1029 204 1112 Aptanr
230 1047 310 1092 sane
338 1027 535 1092 sententiam
564 1029 733 1114 scriptura
762 1025 835 1112 την
867 1023 1026 1112 καύχησιν
1053 1027 1177 1099 lundit.
1260 1043 1261 1048 ’
1299 1077 1302 1088 ,

75 1110 268 1177 Discrimen
292 1113 353 1176 hoc
374 1121 438 1177 est.
479 1112 564 1192 ’Έχω
591 1107 649 1178 οὖν
678 1107 892 1197 καύχησιν
918 1107 953 1175 ἐν
978 1113 1045 1197 Χρ.
1069 1109 1105 1184 Ἰ.
1133 1112 1177 1179 τὰ

76 1195 162 1281 πρὸς
181 1192 240 1262 τὸν
255 1195 540 1280 doe'r's'ignilicat:
566 1197 669 1263 habeo
689 1193 796 1280 igitur
815 1197 1046 1276 gloriationem
1067 1206 1104 1263 ut
1124 1201 1198 1264 vic,

75 1303 148 1346 cum
171 1282 309 1346 Christo
330 1283 517 1347 arctissime
540 1281 735 1370 conjunctus
757 1280 908 1367 qarodad
924 1303 978 1346 res
1001 1283 1043 1347 ad
1066 1283 1174 1350 Dcnm

76 1372 265 1454 spectantes
283 1367 340 1450 (ad
355 1368 498 1451 gentiles
511 1367 585 1432 Dae
599 1365 856 1452 consecrandos)
872 1365 994 1432 attinet
1014 1367 1039 1437 i.
1054 1390 1086 1454 q.
1100 1368 1177 1436 licet
1298 1367 1300 1375 ’

73 1453 180 1534 igitur
192 1451 274 1517 mihi
291 1461 328 1516 ut
341 1455 413 1519 viro
428 1474 500 1518 curn
515 1451 651 1536 Christo
668 1452 783 1517 intime
803 1453 991 1517 consociato
1012 1456 1064 1536 (ut
1078 1452 1177 1520 Chri-

74 1537 117 1602 sti
132 1534 315 1622 sacerdoti)
328 1536 360 1602 in
374 1537 529 1604 rebusad
544 1537 652 1603 Deum
668 1535 912 1624 pertinentibus
926 1536 973 1616 (in
989 1539 1176 1605 sacerdotio

73 1643 147 1688 meo
161 1621 312 1696 obeundo
328 1636 358 1688 v.'
375 1626 423 1690 16.
439 1632 474 1687 et
489 1623 557 1706 18.)
571 1622 722 1706 gloriari.
753 1613 840 1703 ’Ἔχω
856 1613 916 1687 σύν
930 1619 975 1706 τὴ
986 1647 1002 1686 ν
1015 1619 1175 1710 καύχησιν

71 1704 107 1774 ἐν
126 1709 194 1793 Χρ.
213 1702 246 1773 Ἰ.
264 1707 306 1773 τὰ
326 1706 413 1791 πρὸς
429 1704 488 1774 acin
505 1709 590 1772 θεόν
613 1708 778 1775 declarat:
801 1706 1029 1789 habcoigitur
1049 1709 1173 1787 gloria-

71 1792 216 1874 tionem,
237 1813 322 1880 quoe
338 1793 371 1858 in
386 1814 436 1856 nce
450 1793 623 1857 conveniat
637 1796 760 1876 (meram
776 1791 1027 1876 gloriationem,
1049 1791 1126 1862 Jon.
1138 1795 1172 1875 5,

67 1875 124 1946 34.
139 1878 215 1958 36.)
229 1884 266 1943 ut
280 1879 331 1943 vir
345 1899 417 1942 curn
434 1876 569 1944 Christo
583 1878 770 1943 arctissime
785 1879 960 1964 copulatus
978 1881 1030 1962 (ut
1044 1877 1174 1944 Christi

66 1961 249 2045 sacerdos)
263 1963 297 2026 in
312 1963 412 2028 rebus
427 1961 468 2026 ad
483 1962 592 2054 Depm
607 1961 833 2051 spectantibus
852 1962 1020 2049 (quod-ad
1043 1963 1171 2046 sacriti-

34 2085 38 2092 ·
65 2049 156 2112 cium
173 2048 297 2112 attinet
315 2049 387 2111 Deo
401 2069 420 2110 a
434 2047 700 2130 mefacicndum)
716 2049 739 2114 i.
755 2069 788 2134 q.
803 2058 968 2130 acceptam
992 2048 1096 2131 igitur
1116 2070 1172 2113 re-

67 2132 144 2197 lero
158 2153 263 2196 meam
282 2127 514 2214 gloriationem
531 2132 656 2200 clarinto
672 2133 748 2198 Jeen
770 2131 845 2280 (gui
859 2132 925 2198 Dei
943 2134 1099 2200 mandatu
1120 2154 1172 2198 me

66 2216 644 2304 sacerdotiopraelccitv.15.16.)‚
666 2216 786 2303 quoda
826 2237 920 2282 sacra
941 2238 1010 2282 mea
1027 2217 1103 2284 Dec
1121 2219 1173 2282 la-

65 2302 184 2368 nianda
202 2301 335 2368 attinet.
367 2301 559 2369 Sententia:
574 2311 719 2376 nostram
737 2300 988 2384 gloriationem,
1012 2324 1097 2389 qrrae
1115 2323 1173 2368 sa·

33 2389 35 2396 ’
66 2385 210 2452 cerdatii
227 2388 332 2451 nostri
345 2387 469 2450 ,finibus
482 2386 681 2465 continetur,
702 2386 858 2451 debemus
872 2386 1016 2480 Christo,
1038 2389 1095 2476 qui
1108 2409 1182 2454 nos-

67 2469 457 2538 sacerdotesfccitv.16.
481 2472 570 2556 (nam
586 2472 615 2534 si
629 2467 688 2556 τήν
703 2466 862 2556 καύχησιν
884 2471 1050 2559 receperis
1065 2473 1170 2538 mani·
1204 2550 1206 2556 ‚

66 2577 155 2622 mum
167 2556 307 2705 pondus
329 2557 362 2620 in
385 2555 495 2620 uerbis
518 2553 551 2620 ἒν
574 2553 714 2642 Χριστῷ
729 2551 839 2641 Ἰησοῦ
857 2556 1055 2637 recumbitlr
1074 2567 1107 2622 ct
1128 2579 1189 2626 ex.

66 2651 144 2706 ante
191 2641 269 2706 iotis
287 2663 316 2708 v.
334 2641 385 2708 15.
402 2647 436 2706 ct
451 2641 501 2709 16.
523 2648 612 2705 recte
634 2641 748 2706 effecta
769 2648 821 2705 est
834 2647 868 2705 et
882 2663 954 2706 oum
968 2662 998 2710 v.
1013 2644 1063 2708 18.
1086 2644 1169 2708 bene

67 2726 228 2792 cohaeret
248 2727 282 2792 lr'.
297 2747 358 2796 σαι
380 2747 420 2790 ne
448 2726 594 2790 necuim
616 2730 684 2790 tam
703 2726 829 2810 impius
850 2747 925 2807 ero,
956 2737 993 2792 ut
1021 2728 1169 2810 gloriose

65 2810 256 2900 praedicem
279 2832 333 2876 ree
354 2832 376 2876 a
398 2748 583 2893 Uiriato,
602 2817 638 2876 nt
654 2809 777 2897 pagani
796 2817 951 2896 tanquam
971 2812 1169 2895 sacrificium

67 2899 172 2965 Dauo
202 2903 369 2980 errentur,
389 2915 462 2960 non
484 2895 627 2983 effectae.
667 2892 767 2960 Haud
789 2895 858 2959 scio
878 2903 1011 2978 tamen,
1031 2918 1073 2960 an
1094 2899 1180 2962 rnl-.

67 2989 143 3066 gata
176 2981 266 3046 ectio
286 2979 483 3046 sententiam
503 2978 663 3066 praebeat
675 2978 794 3044 melius
807 2979 907 3043 etiem
921 3001 994 3046 cum
1010 3002 1041 3050 v.
1054 2983 1109 3049 16.
1131 2990 1167 3047 et
1213 3019 1217 3028 x

68 3067 119 3134 18.
132 3066 298 3132 vinctam:
313 3057 512 3149 licet'igitirr
534 3064 614 3130 mihi
633 3065 748 3150 (quum
768 3061 924 3129 Christus
944 3085 995 3130 me
1011 3066 1168 3133 sacendo-
1265 3091 1270 3104 ·

67 3158 130 3218 tem
151 3172 305 3240 paganos
324 3156 592 3214 consecraturum
612 3149 868 3217 constitueritu
885 3149 1108 3231 langlerium
1129 3159 1168 3220 ut
1261 3152 1269 3164 ‘

67 3237 188 3306 Christi
203 3235 368 3302 sacerdoti
395 3235 482 3322 quod
504 3233 546 3297 ad
575 3234 749 3310 sacerdotii
770 3234 834 3300 mci
853 3235 1167 3310 administrationem

66 3324 186 3388 attinet
201 3325 251 3408 (ι’.
269 3323 350 3400 17.).
393 3317 479 3385 Nam
497 3319 551 3406 pie
564 3340 601 3382 ea
617 3316 841 3384 tantummodo
864 3319 1011 3403 gloriose
1033 3319 1179 3410 praedit·-

65 3409 163 3489 cabo,
186 3406 276 3494 quae
288 3403 434 3472 Christus
449 3426 510 3492 per
524 3426 593 3485 me,
612 3410 649 3469 ut
658 3403 794 3488 pentilec
808 3405 876 3468 Dec
888 3405 1037 3492 offerrem
1051 3408 1164 3488 ponti-

66 3492 143 3580 ἶσα,
166 3489 311 3592 perfecit
333 3491 380 3574 (v.
402 3490 479 3572 18.).
520 3487 682 3570 Accedit,
703 3487 790 3594 qpod
812 3488 896 3553 hunc
912 3491 1088 3590 perborum
1111 3513 1167 3558 or-

66 3578 173 3643 dincm
187 3599 264 3666 pure
279 3572 449 3661 requiras:
471 3580 511 3655 ἐν
527 3583 685 3672 Χριστῷἱ
703 3595 764 3638 oua
778 3571 837 3660 τὴν
857 3595 1017 3662 καύχησιν
1038 3571 1102 3658 ἔχω
1123 3575 1165 3642 ad
1293 3613 1298 3627 ·

66 3673 570 3830 incantantum
579 3670 1167 3828 ittetattttttttttttt

12 3901 16 3916 .
64 3847 138 3914 ticet
158 3849 267 3930 igitur
288 3846 370 3910 milri
391 3852 428 3910 ut
450 3845 572 3911 carten·
597 3845 757 3912 sacerdoti
779 3845 813 3909 in
828 3847 1005 3912 sacerdotii
1021 3849 1084 3912 mei
1105 3847 1165 3911 ad-

66 3919 315 4000 ministratione
335 3929 494 4016 gloriari,
515 3951 612 4018 quarn
639 3929 669 3994 si
683 3930 932 4017 Aputxnsct:
954 3933 1080 4002 Christe
1101 3931 1179 4013 igi·¹

66 4025 120 4086 tur
142 4018 250 4084 debeo
271 4037 378 4081 meam
396 4014 627 4100 gloriationem
648 4015 680 4079 in
703 4015 888 4080 sacerdotio
909 4038 980 4081 meo
1003 4017 1166 4085 obeundo.

68 4103 177 4190 Quum
192 4101 266 4186 τὴν
284 4095 442 4187 καύχησιν
458 4100 601 4166 nonnisi
616 4100 657 4165 B.
672 4098 742 4186 [0.]
760 4101 806 4168 D.
823 4100 861 4167 ll.
879 4103 915 4168 11.
931 4104 974 4168 G.
988 4101 1041 4166 37.
1061 4102 1166 4166 cociti·

67 4199 183 4272 neunt,
206 4187 333 4276 quibus
345 4187 380 4250 in
395 4185 536 4251 lectione
549 4206 613 4251 non
631 4189 691 4251 sud
705 4186 827 4251 uirtute
849 4188 1043 4273 splendente
1064 4187 1166 4252 conli-

68 4273 146 4341 dene
164 4271 402 4340 consideratus
422 4272 559 4335 criticus
582 4279 668 4336 recte
689 4271 892 4337 dubitaverit
905 4275 1070 4358 vulgatam
1084 4271 1168 4337 scri-

69 4373 200 4450 pturam
221 4358 363 4430 retinui.
407 4351 583 4444 ’Καύχησις
604 4355 658 4422 liic
684 4379 815 4446 quoquc
834 4365 887 4426 cst
903 4358 1074 4448 gloriatio,
1100 4379 1168 4425 non
1240 4434 1248 4452 ,·
