2776 5018
34 126 212 195 ,⁸1¹

167 354 267 450 'oea
397 310 687 448 errsrons
718 375 798 447 su
829 368 1107 448 nouenos

201 537 296 602 sent:
317 527 456 620 εὐσεβὴς
473 531 537 628 ydgr
557 531 602 597 ῶν
617 529 724 598 dasiro
738 527 873 617 λαλήσω
885 532 1004 616 μόνον,
1026 527 1047 598 ἃ
1063 526 1304 618 κατειργάσατο

202 615 354 705 Χριστὸς
367 613 408 685 dr'
424 615 507 699 ἐμοῦ
521 615 570 696 εἷς
588 616 742 700 ὑπακοὴν
755 614 862 682 ἐθνῶν
876 642 905 682 κ.
918 641 947 684 τ.
961 619 990 684 λ.
1011 640 1086 684 nom
1099 618 1152 701 pic
1163 639 1203 682 eo
1221 624 1304 684 lan-

195 705 364 774 ·tummodo
376 704 678 791 praedicatonem
686 701 842 782 cbristus,
851 709 889 767 ut
897 703 1035 788 gentiles
1047 704 1091 768 od
1101 702 1304 780 disciplinam

200 790 311 856 ebriet.
328 789 581 872 adducentem,
600 803 602 809 ·
624 807 660 852 er
671 807 722 850 rne
736 787 844 874 effecit
856 809 893 852 rc
909 795 942 852 el
955 786 1046 873 facto
1067 796 1143 854 etc..
1184 786 1302 852 Ever-

199 873 254 940 lsis
270 871 310 940 orl
323 870 387 961 γὰρ
400 872 558 960 τολμήσω
573 809 704 956 dccc.
721 873 772 951 1⁰,
788 871 855 956 12.)
869 893 976 958 neque
992 871 1132 938 Paulum
1147 871 1305 938 sinistros

200 980 372 1040 rumores,
395 980 479 1048 quos
500 958 603 1022 sciret
622 977 641 1020 a
663 957 835 1045 malevolis
848 958 973 1044 passim
988 959 1102 1047 spargi
1127 959 1164 1041 [2
1177 959 1257 1022 Cor.
1273 958 1321 1048 θ,ι

84 1065 88 1075 ⁴
200 1047 271 1129 1.],
292 1050 498 1110 antevertere
512 1043 659 1109 voluisse
677 1041 759 1128 (non
780 1041 868 1106 enim
891 1043 1035 1124 audebo,
1056 1045 1140 1132 qnod
1158 1042 1306 1108 malevoli

125 1159 143 1186 ι
199 1130 342 1195 domines
356 1150 407 1194 mc
420 1127 672 1216 foccredicunt,
695 1128 796 1194 ullam
818 1148 886 1192 rem
902 1129 1048 1210 gloriose
1070 1127 1316 1215 praedicares

186 1213 338 1283 'Christo
352 1234 414 1303 per
429 1234 480 1279 mc
495 1217 533 1278 ut
545 1214 668 1301 pegeni
681 1212 756 1278 Deo
775 1225 1051 1278 consecrarentur
1066 1233 1130 1278 nou
1144 1211 1305 1296 effectam,

198 1301 301 1368 verbo
316 1295 350 1366 et
363 1301 451 1364 iacto
463 1305 543 1380 etc,
564 1299 607 1367 ci.
621 1296 730 1382 Galo.)
751 1319 860 1384 neque
875 1319 950 1364 cum
967 1319 1081 1364 renem
1095 1297 1305 1364 adversario·

198 1407 273 1452 rem
289 1384 523 1470 gloriationem
535 1383 780 1472 perstrinxisse
802 1383 888 1466 (noo
907 1383 994 1450 enim
1010 1383 1203 1464 sustinebo,
1224 1382 1305 1533 guod

163 1553 166 1560 1
199 1470 314 1537 mones
328 1471 471 1536 bominac
483 1466 596 1558 fucere
609 1488 674 1534 non
687 1467 892 1550 mulceant,
914 1469 969 1569 qni
984 1470 1023 1534 de
1036 1469 1162 1554 pennis
1182 1488 1223 1533 no
1246 1469 1302 1532 ili·
1375 1493 1380 1510 ν

200 1562 271 1622 tole
284 1555 420 1644 ollisque
433 1554 525 1620 conio
536 1554 631 1621 rebus
643 1552 826 1639 gloriantur
840 1551 952 1636 (Phil.
960 1553 991 1639 3,
1004 1556 1037 1620 3.
1051 1577 1067 1618 s
1095 1553 1139 1621 .2
1154 1551 1234 1620 Cor.
1253 1555 1303 1633 11,

200 1641 253 1707 18.
269 1639 344 1792 22ss
365 1641 468 1705 ullam
488 1659 559 1703 rem
581 1639 728 1724 glorioso
750 1657 933 1704 memorare
949 1642 1029 1723 etc.)
1051 1576 1194 1704 tidenter
1210 1636 1303 1706 colli·

197 1747 272 1811 gas.
346 1724 410 1792 ieri
426 1724 513 1790 euim
526 1732 650 1812 potest,
665 1729 702 1786 ut
717 1719 844 1789 Paulus
857 1724 981 1806 pietate
994 1731 1188 1804 commotus,
1203 1744 1302 1811 quum

199 1832 298 1898 quam
320 1818 411 1877 esset
429 1809 566 1898 impium
590 1809 630 1876 de
651 1809 747 1890 eliis,
776 1829 875 1895 quam
900 1829 982 1895 quas
1003 1810 1163 1876 Christus
1185 1829 1302 1896 perse

163 1927 165 1934 ·
199 1897 404 1984 Apostolum
440 1895 623 1980 gessisset,
667 1893 767 1958 rebus
799 1893 940 1977 gloriari
974 1915 1084 1960 secum
1113 1900 1303 1981 reputasset

196 1984 233 2065 (l
249 1983 327 2066 tlon.
343 1982 374 2062 1,
384 1981 443 2049 ¹31.
464 1979 578 2048 2Cor.
594 1981 645 2060 10,
667 1981 719 2045 17.
743 1981 762 2042 l
779 1980 859 2044 Gor.
875 1979 927 2062 1⁵,
944 1979 1013 2066 10.)
1041 1976 1159 2062 οὐγὰρ
1174 1976 1303 2062 τολμή-

199 2087 249 2133 σω
264 2065 333 2134 κτλ.
347 2066 379 2131 h.
395 2087 421 2130 e.
442 2066 637 2154 scripserit:
660 2086 725 2128 nou
741 2065 828 2128 enim
850 2063 998 2145 audebo,
1013 2065 1101 2151 quod
1122 2063 1221 2147 impie
1241 2061 1301 2150 fa·
1318 2144 1321 2149 .

196 2173 322 2232 mem,
352 2151 454 2216 ullam
479 2171 549 2216 rem
570 2149 717 2235 gloriose
736 2170 992 2222 commemorare
1012 2161 1090 2218 etc..
1140 2151 1193 2216 At
1214 2147 1303 2235 quod

107 2301 116 2313 ,
196 2257 260 2304 nos
278 2235 410 2325 pondus
428 2235 499 2301 voci
517 2233 668 2320 Χριστός
690 2233 888 2314 tribuimus,
910 2236 971 2298 boc
990 2233 1148 2300 vocabulo
1167 2255 1302 2315 κατειρ-
1346 2266 1349 2274 ·

217 2321 325 2386 docco
337 2321 450 2386 inesse
463 2319 696 2386 vocabulorum
713 2318 795 2385 ordo
810 2317 1301 2405 docet(lleicb.,ltnecls.,dll'.).
1363 2343 1366 2351 ’
1386 2355 1387 2358 ¹

28 2437 34 2445 ·
123 2440 126 2445 ·
195 2345 335 2486 irino,
365 2406 396 2472 si
419 2426 489 2470 rem
511 2414 664 2470 accurate
685 2404 907 2492 spectaveris,
935 2406 1034 2470 verbo
1056 2429 1090 2470 τι
1112 2395 1158 2468 ῶν
1179 2398 1221 2468 orl
1240 2427 1301 2466 να-

89 2484 95 2496 ’
197 2489 398 2576 τειργᾶσατο
408 2488 558 2575 Χριστὸς
573 2485 613 2554 δι’
629 2487 713 2570 ἐμοῦ
723 2485 773 2566 εἷς
788 2486 938 2576 ὑπακοὴν
954 2486 1063 2555 ἐθνῶν
1078 2523 1121 2538 --
1131 2525 1176 2538 --
1190 2481 1228 2552 ἐν
1242 2489 1302 2553 du·

195 2573 295 2658 νᾶμει
316 2571 507 2656 πνεύματος
523 2573 613 2640 decri
632 2574 741 2639 omnia
765 2574 949 2659 ponderosa
971 2586 1065 2656 sunt,
1086 2574 1134 2638 ite
1157 2573 1303 2659 quidem,
1385 2621 1387 2648 2

196 2667 236 2726 ut
252 2660 485 2744 gravissimum
499 2659 629 2747 pondus
645 2681 733 2726 roco.
752 2655 903 2744 Χριστὸς
916 2655 959 2723 δι’
974 2656 1060 2742 ἐμοῦ
1078 2655 1127 2735 εἰς
1148 2653 1302 2744 ὑπακοὴν
1385 2659 1387 2674 “

198 2742 308 2813 ἐθνῶν
324 2743 521 2834 possideant
544 2747 604 2830 (ci.
621 2746 753 2828 ·v.17.).
796 2746 905 2812 Ullam
919 2765 988 2810 rem
1011 2767 1033 2810 a
1055 2742 1223 2812 cbristo
1243 2763 1302 2824 per·

77 2838 85 2853 '
197 2852 234 2898 se
256 2837 294 2896 nl
310 2829 434 2918 poponi
455 2831 527 2918 Deo
549 2830 728 2896 obedientes
745 2827 1098 2919 fierentnonesi'ectam
1115 2827 1241 2895 Paulus
1264 2847 1301 2894 se

95 2933 101 2946 ’
198 2915 347 3000 gloriose
361 2915 628 2984 allaturumesse
641 2923 759 2999 negat,
781 2923 839 2978 aut
852 2916 959 2980 omnia
980 2937 1002 2980 o
1017 2915 1183 2981 Gbrislo
1195 2934 1256 2998 per
1267 2935 1302 2979 ce

95 3021 98 3034 ¹
196 3009 234 3067 ut
248 2999 371 3086 poponi
380 3001 451 3066 Deo
464 3000 643 3066 obedientes
656 3001 868 3067 redderentur
882 2999 968 3064 lacte
985 3021 1021 3064 se
1035 3001 1301 3089 praedicaturum
1342 3002 1347 3012 ’

195 3107 273 3151 csse
288 3085 447 3152 affirmat.
489 3082 622 3150 Deinde
635 3077 754 3150 τι-νῖν
778 3081 824 3151 οὔ
846 3085 1036 3170 Χριστὸς
1057 3080 1301 3168 κατειργάσατο

197 3169 240 3236 dr’
256 3168 339 3250 ἐμοῦ
353 3166 404 3246 εἰς
417 3163 476 3236 ὑπ.
492 3167 562 3236 ε’θν.
579 3175 616 3236 Ρ.
632 3170 717 3235 malo
730 3170 941 3256 scripsisset,
963 3174 997 3234 et
1009 3170 1087 3257 quia
1102 3169 1299 3236 seutentiam

88 3304 91 3314 ,
196 3255 405 3343 corrupisset
418 3258 500 3339 (non
513 3254 642 3320 audebo
663 3256 765 3321 ullam
784 3275 854 3319 rem
876 3252 1069 3342 praedicare
1088 3275 1151 3321 non
1166 3277 1187 3323 u
1201 3253 1301 3321 clri-

197 3347 267 3424 sto,
289 3341 347 3406 sed
365 3340 407 3406 ab
428 3339 511 3406 olto
530 3339 573 3426 (l)
596 3359 745 3427 per‘mo,
769 3346 807 3406 nt
828 3342 963 3425 gentiles
986 3341 1166 3407 Christiani
1184 3338 1299 3421 fierent

198 3426 338 3510 lectam,
357 3423 460 3492 verbo
475 3433 510 3490 et
523 3446 577 3511 re,
596 3445 657 3509 per
673 3427 736 3491 uim
755 3423 1051 3492 miraculorum
1073 3431 1106 3490 ct
1125 3430 1301 3507 portcn-

196 3517 352 3590 lcrum,
400 3529 436 3574 er
463 3510 527 3576 vim
554 3509 736 3592 spiritns
763 3535 797 3576 s..
861 3509 1038 3594 Christus,
1073 3510 1210 3597 opinor,
1244 3513 1302 3572 aut

197 3593 294 3662 Deus
305 3530 516 3682 perieulum
530 3593 637 3659 edidit
650 3595 810 3660 miracula
825 3615 966 3682 eumque
987 3596 1021 3661 io
1038 3593 1256 3660 instituendis
1269 3597 1303 3657 et

23 3723 27 3730 ·
102 3747 105 3754 ,
197 3678 371 3749 flectendis
390 3679 570 3764 gentilibus
594 3681 827 3768 potentissime
847 3679 991 3768 adjuvit,
1035 3702 1130 3746 nemo
1152 3689 1303 3768 praeter·

197 3769 277 3851 ca),
298 3769 334 3831 ct
347 3765 502 3852 quoniam
521 3765 620 3830 verba
635 3766 749 3832 intime
763 3765 973 3832 cohaerentis
988 3764 1139 3850 Χριστὸς
1158 3763 1201 3830 δι’
1219 3761 1303 3846 ἐμοῦ
1327 3809 1331 3821 .

198 3847 250 3926 εἰς
262 3842 417 3936 ὑπακοήν
433 3847 542 3914 ἐθνῶν
557 3872 733 3938 perperam
749 3851 951 3916 devellisset.
974 3849 1094 3937 ltaque
1111 3846 1151 3916 osi
1164 3871 1303 3933 noeerp-
1340 3863 1347 3872 ‘

196 3931 325 4020 ydoneo
338 3942 398 4000 eut
409 3942 487 4023 post
502 3925 547 3999 ὧν
561 3944 620 4001 aut
633 3942 710 4023 post
723 3933 773 4012 εἰς
786 3929 938 4023 ὑπακοὴν
951 3934 1060 4001 ἐθνῶν
1073 3933 1306 4000 collocaredo-
1364 3941 1371 3956 '

198 4021 284 4091 buit.
327 4018 401 4086 Hoc
415 4021 527 4084 iacere
541 4021 666 4104 noluit,
688 4043 728 4084 ne
742 4021 916 4088 verborum
934 4017 975 4087 οὗ
987 4020 1232 4107 κατειργάσατο
1244 4039 1304 4084 oo·
1383 4057 1384 4060 =

198 4105 248 4168 tio
275 4104 375 4171 nimis
404 4104 631 4176 delitesceret.
680 4105 904 4191 Quamobrem
932 4105 1017 4172 illud
1045 4105 1220 4194 praetulit.
1259 4138 1304 4155 ·-
1382 4139 1383 4142 “

198 4187 311 4254 Valde
325 4189 411 4254 bunc
424 4191 449 4260 l.
464 4197 698 4276 perverterunt
712 4191 923 4280 mterprstes.
965 4191 1140 4274 Erasmus,
1154 4189 1306 4272 Koppins

198 4275 244 4340 al.
267 4273 329 4341 boc
343 4275 410 4342 dici
421 4283 599 4366 putarunt:
622 4298 687 4343 uon
700 4276 787 4342 euim
803 4275 976 4347 sustinebo
996 4276 1174 4344 alternorum
1191 4273 1304 4356 lactef-
