2776 5018
386 465 509 538 GAP.
532 463 614 536 XV.
656 465 725 534 Vs.
747 453 781 539 ii.
804 471 840 534 et
859 463 904 534 9..
1113 466 1183 552 243
1199 515 1214 532 ,.

74 620 296 702 mentatione,
317 641 403 708 quae
420 621 529 688 tardis
542 621 723 692 leuioribus
736 621 945 690 satisfaceret
957 623 1183 710 (argumenta-

76 707 167 786 tione
190 703 261 772 κατ’
287 703 503 792 ἄνθρωπον),
536 729 601 776 non
621 729 706 798 quae
727 729 764 774 re
790 708 996 810 veritateque
1016 706 1181 774 niteretur
1287 729 1288 736 ¹
1359 727 1370 734 ·

80 792 380 875 (argumentatione
394 789 463 857 κατ’
476 791 658 878 ἀλήθειαν)
676 816 775 874 usus,
796 801 836 858 ut
856 792 1000 858 ethereis
1014 789 1180 858 Christia-

75 877 129 956 nis
142 877 394 964 privilegiorum
410 877 430 946 J
434 877 548 944 udaeis
563 901 582 944 a
597 878 673 944 Deo
688 879 839 945 datorum
859 875 1110 943 admirationem
1128 878 1180 943 iu·
1317 913 1320 920 ,

69 961 211 1052 jiaeret,
242 963 357 1044 Deum¹
379 964 490 1028 salute
518 963 692 1044 Jrsdaeia
718 962 874 1029 conoessd
902 963 1180 1028 veracitatem

67 1067 191 1128 seuam,
220 1047 380 1114 ieiieitate
401 1043 577 1150 pestilitas
605 1047 726 1116 donata
745 1049 973 1134 lanipattaiem
991 1035 1183 1114 ostendiss'e
1269 1071 1273 1082 ¹

71 1132 227 1220 'scripsit
268 1135 467 1199 Assentmer
480 1132 702 1215 Oleiaaseao,
719 1134 881 1221 siquanti
897 1130 995 1198 Pauli
1014 1133 1182 1200 sententia

74 1239 94 1282 a
113 1217 211 1282 nobis
226 1215 377 1284 iaaienda
393 1227 483 1283 esset
496 1217 614 1285 dooere
631 1221 805 1288 voluisset.
849 1222 900 1284 At
916 1216 1054 1283 Paulum
1068 1218 1180 1305 ipsum

1 1354 5 1384 ,
75 1302 244 1383 sensisse,
266 1323 360 1369 suam
373 1305 571 1368 sententiam
592 1324 655 1368 noa
678 1325 791 1374 veruna
809 1325 883 1370 esse
903 1312 1028 1368 temere
1049 1301 1182 1371 statuit.

76 1381 148 1472 Qu'i
162 1389 363 1470 meminerit,
386 1397 542 1476 quautam
555 1384 683 1466 Paulus
697 1389 852 1480 judaieae
873 1389 1001 1454 nationi
1022 1376 1182 1454 tribuerit

74 1473 194 1560 (itum.
209 1476 240 1552 1,
254 1476 307 1544 16.
327 1473 361 1554 3,
376 1477 409 1540 2.
430 1475 464 1554 9,
480 1474 512 1540 4.
532 1475 567 1540 5.
588 1474 697 1544 2Cor.
715 1473 766 1556 li,
779 1475 835 1544 22.
857 1470 947 1552 Phil.
964 1473 997 1553 3,
1011 1473 1062 1556 5.)
1076 1493 1182 1560 quau·
1211 1525 1217 1534 .
1248 1503 1258 1520 =

72 1570 178 1645 toque
189 1559 366 1636 'verborum
380 1557 526 1648 pondere
547 1560 580 1624 in
594 1557 777 1626 referendis
792 1558 994 1628 ludaeorum
1009 1579 1183 1624 ornamen-

2 1689 3 1726 3
71 1646 123 1707 tis
146 1645 306 1728 promissa
316 1643 521 1726 patriarchis
536 1645 617 1710 data
631 1645 741 1728 (Rom.
753 1644 785 1728 9,
803 1645 855 1729 4.)
877 1643 1125 1725 memoraverit,
1146 1651 1186 1710 et

73 1726 136 1816 qui
151 1729 429 1810 consideraverit,
459 1749 556 1816 quam
579 1727 731 1796 securata
748 1729 885 1817 pentilus
904 1749 964 1814 pro
987 1727 1182 1814 lenipai-
1214 1765 1221 1774 ι

72 1820 171 1880 tate
190 1815 253 1878 sili
264 1817 428 1896 praestita
442 1815 551 1880 Dium
562 1815 752 1882 laudaturos
765 1837 835 1881 assa
847 1835 962 1880 saeros
977 1812 1023 1882 V.
1038 1811 1082 1880 Τ.
1098 1811 1183 1880 eori-
1260 1877 1268 1883 .

71 1908 194 1986 ptores
216 1899 426 1986 praedixisse
446 1899 630 1966 ostenderit
643 1899 740 1971 Rom.
757 1899 814 1981 15,
836 1895 997 1979 9412„
1017 1898 1048 1962 si
1070 1897 1182 1964 dioere

22 2019 29 2026 ν
71 1983 606 2070 quamiailauiterveiareverum
624 1984 1183 2066 maluerit,Paulum-desuaesen·
1266 1993 1272 2008 ⁸

70 2067 204 2132 tentiae
219 2087 249 2134 v.
261 2069 294 2134 8.
308 2071 387 2153 eti).
400 2069 543 2134 veritate
558 2071 690 2136 minime
704 2071 875 2137 dubitasse
896 2070 1037 2153 ingenue
1057 2069 1183 2134 latebis
1221 2127 1228 2150 χ
1267 2108 1270 2112 -
1351 2072 1356 2082 “

70 2161 147 2221 tur.
192 2151 290 2218 Duae
309 2172 364 2218 res
380 2153 556 2236 «temnunt,
580 2164 617 2221 ut
636 2156 764 2222 Paulus
784 2155 983 2222 sententiam
1003 2153 1130 2221 dioerat
1148 2161 1183 2220 et
1204 2157 1206 2162 ’

69 2259 142 2302 suo
159 2242 193 2302 et
209 2259 342 2304 suorum
363 2239 551 2326 aequalium
567 2239 695 2328 judicio
715 2241 861 2322 iirmam,
881 2249 1014 2319 nostro,
1035 2240 1093 2324 qui
1115 2260 1182 2306 nee

73 2321 151 2388 nisi
165 2321 293 2388 idoneis
308 2307 494 2389 rationibus
507 2323 690 2404 m'uvemur,
714 2325 889 2406 infirmam.
934 2322 1019 2390 Nam
1036 2324 1186 2414 primum

2 2445 3 2448 =
70 2407 206 2474 Paulus
227 2407 345 2486 nimii,
374 2415 412 2472 ut
430 2405 594 2496 iudaeus,
618 2409 773 2498 judaieae
793 2405 939 2475 nationis
962 2407 1183 2476 admiratione

2 520 14 585 „

53 2501 198 2578 „eaptus
211 2501 296 2560 erat.
339 2490 540 2566 Deinisres
555 2494 735 2579 humanae,
758 2503 795 2560 nt
809 2517 910 2582 saepe
923 2494 1008 2560 alias
1022 2493 1082 2644 spi.
1103 2515 1134 2562 v.
1149 2516 1182 2566 a.

72 2579 133 2658 11,
154 2577 238 2663 28.),
260 2576 419 2650 inlleum
434 2579 619 2646 transtulit.
664 2577 835 2647 Promissa
852 2581 1008 2645 benefiaia
1054 2580 1182 2646 omines
1275 2642 1287 2652 ,

6 2727 7 2732 ,
67 2661 156 2755 jure
172 2671 206 2727 et
219 2663 294 2747 iege
314 2662 438 2730 uixiab
452 2685 491 2728 eo
510 2664 663 2748 exigunt,
684 2666 742 2753 qui
755 2665 967 2731 iiiasieeerit..
996 2663 1077 2732 Jura
1093 2667 1181 2732 enim

69 2753 226 2814 hermena
241 2757 400 2836 poseant,
421 2755 462 2814 ul
472 2749 543 2814 suis
556 2751 699 2837 quisque
714 2751 890 2838 promissis
904 2754 984 2814 stat.=
1006 2749 1082 2814 Non
1097 2771 1181 2836 pro-

2 2836 4 2841 ’
70 2835 182 2898 missa
198 2833 355 2899 beneiioia
371 2833 520 2899 homiues
533 2835 576 2898 ab
590 2834 666 2923 ejus
678 2835 881 2900 liberalitate
899 2840 933 2898 et
952 2834 1182 2901 benevolentii

6 2993 8 2998 ,
70 2926 256 3006 repetunt,
278 2919 334 3005 qui
356 2919 416 2983 iiia
438 2919 624 3020 insperanti
642 2919 706 2986 tibi
728 2920 869 2985 dederit.
898 2957 938 2969 ·—
985 2917 1033 2985 Ut
1056 2917 1182 2986 Paulus

59 3005 224 3088 *gentiles
237 3003 324 3090 quo'd
342 3023 426 3068 nuno
439 3004 583 3087 inerant,
605 3005 639 3072 ir.
654 3026 684 3074 e.
700 3005 788 3092 quod
802 3003 975 3068 ieiioitatis
996 3004 1181 3070 messianus

70 3090 224 3172 benigna
245 3088 426 3178 participes
447 3088 528 3154 fanti
545 3097 680 3172 proper
698 3088 947 3156 benevolentiam
965 3089 1004 3154 in
1024 3111 1061 3154 se
1078 3090 1183 3154 eolia-
1279 3155 1283 3162 ,
1360 3148 1364 3156 1

70 3183 147 3248 tam
165 3173 275 3239 Deum
288 3195 374 3239 auno
389 3173 569 3256 eelebrent,
590 3175 771 3262 aliquando
787 3176 935 3240 fauturos
949 3195 1025 3240 asse
1038 3173 1181 3245 invff.
1299 3163 1322 3208 ⁴

69 3254 286 3350 praedictum
301 3281 375 3326 esse
389 3257 611 3341 demonstret,
633 3269 792 3348 quattuor
813 3260 884 3324 inea
899 3257 1010 3329 affert.
1051 3258 1182 3326 Horum

71 3364 199 3430 agmen
216 3344 307 3411 duait
326 3345 419 3410 loeus
443 3343 501 3412 i’s.
518 3345 570 3428 18,
590 3345 645 3415 50.
665 3367 707 3411 ax
730 3344 833 3412 LXX
852 3345 1099 3432 transcriptus,’
1114 3344 1183 3412 nisi

71 3429 171 3518 quod
186 3427 280 3514 seipsa
319 3435 373 3494 est
386 3427 419 3494 is
435 3423 555 3496 ’ἔθνεσι
575 3431 845 3520 praetermissum
861 3437 924 3494 est.
947 3429 1072 3496 Vooem
1087 3430 1184 3516 adpre

70 3519 132 3583 39.
148 3517 206 3583 47.
221 3517 275 3582 72.
290 3449 345 3583 gil.
358 3514 401 3580 ai.
416 3513 519 3598 Vuig.
533 3515 579 3583 ai.
593 3515 714 3602 Chrys.
730 3517 775 3584 ai.
792 3537 831 3580 ex
843 3514 946 3582 Lxx
958 3511 1059 3583 Pauli
1071 3516 1183 3582 verbis
1277 3584 1285 3608 χ

70 3603 169 3689 maie
185 3598 395 3667 addiderunt.
425 3599 624 3666 Danaes-1.
639 3602 664 3668 i.
680 3603 759 3666 haee
772 3600 873 3669 dixit:
893 3608 1066 3683 propterea
1086 3600 1137 3685 (h.
1151 3623 1184 3669 a.

72 3686 240 3776 quoniam
254 3693 323 3765 tuo,
345 3686 391 3750 mi
403 3683 512 3767 Deus,
523 3687 650 3752 arixiiio
665 3694 872 3752 sustentatus
887 3685 1054 3770 egregiam
1068 3687 1109 3749 de
1123 3707 1184 3750 ex·

71 3772 168 3838 teris
189 3770 381 3838 nationibus
394 3771 564 3837 victoriam
580 3772 696 3874 peperi
714 3777 748 3836 et
770 3773 883 3839 hostes
904 3792 994 3836 meos
1015 3769 1121 3836 deviei
1138 3770 1182 3836 oi.
1288 3852 1292 3856 .

66 3879 107 3926 a.
121 3859 185 3925 48.
200 3862 234 3922 et
246 3857 314 3940 49.)
334 3855 507 3922 celebrabo
522 3862 556 3922 te
576 3864 665 3921 mter
680 3864 813 3922 exteras
828 3859 929 3944 (quae
944 3855 1026 3920 mihi
1048 3860 1184 3942 pareat)

72 3943 238 4009 nationes
252 3949 285 4007 at
304 3941 409 4006 intui
428 3941 572 4006 nominis
591 3940 746 4006 honoram
768 3944 922 4031 psallam.
967 3939 1033 4006 Sed
1057 3939 1185 4006 Paulus

73 4025 286 4112 allegorioae
305 4026 591 4113 interpretationis
616 4027 787 4112 mysteriis
814 4024 967 4091 initiatus
987 4023 1094 4090 Deum
1122 4047 1202 4113 per·
1321 4057 1325 4092 ι

65 4114 187 4194 μ»ἐξῆκε
198 4110 325 4188 ¹Davisii
339 4111 589 4178 subministrata
605 4112 706 4177 simul
727 4112 788 4178 irae
800 4118 887 4188 toute
903 4111 1069 4177 iudioasse
1084 4121 1182 4199 puta·⁴
1262 4097 1280 4149 *-
1346 4161 1352 4173 .

74 4201 151 4266 vit:
174 4197 410 4284 gantiaesolim
426 4195 536 4262 Deum
557 4197 751 4264 laudaturos
771 4218 864 4282 esse,
885 4194 974 4283 quod
995 4194 1182 4261 benevalea—
1261 4207 1266 4226 ⁸

74 4285 135 4352 aa
151 4291 261 4349 motus
277 4282 371 4350 Deus
384 4301 441 4348 eos
454 4282 639 4348 messiauae
654 4281 825 4348 ieiioitatis
839 4281 1183 4372 partieipesieeisset.

74 4369 196 4455 Quam
213 4369 254 4434 ob
268 4389 337 4434 rem
353 4366 555 4434 reconditam
569 4367 659 4435 roais
670 4389 784 4434 saurae
797 4367 995 4432 senteutiam
1010 4365 1185 4430 nanee-esse

68 4454 237 4536 ‚sensuitr
262 4461 434 4540 propterea
454 4453 506 4541 (lu.
528 4473 557 4521 o.
580 4460 714 4542 propter
731 4461 823 4522 taam
845 4449 1206 4538 beneuolentiam,

912 4535 1017 4630 :02
