2776 5018
439 349 563 426 CAl‘s
585 349 686 424 XiV.
730 351 799 426 Vs.
820 347 864 422 u.
927 381 929 388 ·
1152 353 1218 426 188

110 525 152 578 ex
167 509 287 578 inieris
301 509 335 576 in
347 507 451 576 ritum
472 505 666 575 restitutum
680 505 893 592 Lucamti.
912 504 992 590 (hoo
1011 505 1145 598 quidem
1165 504 1219 576 nli·

110 598 163 665 hii
177 596 302 664 certius
313 595 382 682 est)
394 593 586 684 praetatus,
613 589 754 660 Perdam
770 614 834 661 nun
849 591 910 660 hcc
930 591 1072 666 dixisset
1099 594 1218 680 crepi-

108 703 205 750 rncce
218 681 408 764 Christum,
429 685 466 745 ut
479 678 634 765 monens,
654 677 794 766 υἰπίενν,
807 686 844 746 ut
857 677 936 746 uiuis
950 677 1143 768 imperaret,
1156 675 1218 745 ssd
1308 737 1314 742 .

1 812 2 821 η
110 765 283 858 hancejus
298 772 438 838 mentem
453 763 559 830 inisse
572 761 719 834 ceusuitt
745 763 873 848 Christi
888 769 1025 832 mortem
1045 757 1120 830 neni
1135 763 1220 847 nito,
1325 775 1326 790 ¹

110 870 212 942 quem
232 845 385 918 mortuus
404 849 607 940 recepisset,
643 847 852 935 conjunctum
868 869 909 915 co
931 845 1097 930 valuisse,
1125 847 1219 914 utin

107 943 278 1024 utrosque,
292 935 328 1001 in
344 925 492 1003 moituns
505 933 636 1024 pariter
648 940 749 1022 atquo
763 933 872 1018 rivos,
882 930 1122 1001 dominaretur.
1153 931 1220 1000 Cui
1360 976 1367 997 .

1 1073 2 1076 ,
108 1021 244 1108 Meyeri
255 1019 406 1112 opinioni
420 1025 456 1086 ct
469 1016 569 1086 Pauli
588 1020 688 1086 rerba
703 1019 856 1102 obstant,
876 1024 912 1086 et
931 1027 1087 1102 contsxta
1109 1017 1219 1084 oratio
1285 1015 1287 1024 '

109 1109 285 1190 reclamat.
329 1103 380 1172 Ut
396 1106 524 1174 Paulus
546 1104 634 1196 quod
649 1103 788 1190 Meyeru
806 1104 933 1195 placuit
951 1103 1142 1171 enuntiaret
1164 1101 1221 1169 his

1 1206 2 1278 g
107 1195 182 1264 iere
201 1189 313 1259 verbis
334 1211 419 1280 opus
431 1192 547 1257 'tuisse
565 1197 680 1298 paiste
713 1186 763 1268 εἰς
783 1197 886 1256 τοῦτο
906 1187 968 1276 γὰρ
987 1187 1141 1274 Χριστὸς
1162 1187 1222 1256 nni

1 1287 2 1350 ὲ
113 1276 313 1366 ἐγερθεὶς
331 1273 551 1364 incaeptis
571 1271 1220 1382 εστινένόεξιρνοῦθεοῦ(1ἰοηι.

107 1362 242 1447 (2340),
261 1357 317 1427 ἵνα
330 1361 523 1448 solempnis
539 1361 597 1428 καὶ
613 1353 742 1442 ζώντων
755 1378 917 1451 νυριενσῃ
928 1361 977 1446 (ν.
994 1365 1126 1448 supro).
1154 1355 1221 1425 Di·

109 1447 234 1515 stinxit
250 1445 442 1535 Apostolus
461 1446 611 1514 virentes
632 1442 846 1514 Christianus
866 1463 886 1510 e
907 1443 1125 1510 morientibus
1144 1464 1222 1510 oue

1 1561 2 1582 1
111 1554 179 1623 quc
195 1532 264 1599 siue
282 1531 450 1614 viverent,
478 1531 546 1597 rice
567 1537 776 1598 morerentur
797 1530 832 1595 in
848 1527 976 1598 Christi
995 1551 1032 1594 ss
1051 1534 1219 1617 potestate

1 1625 2 1653 ³
109 1639 189 1684 esse
203 1616 395 1682 existimare
407 1616 536 1682 monuit
548 1616 597 1704 (v.
609 1618 645 1685 7.
659 1617 724 1701 8.).
756 1613 866 1702 Quam
880 1614 1078 1682 sententiam
1092 1623 1129 1680 ut
1141 1634 1222 1680 con·

114 2219 255 2282 rnorteni
269 2221 303 2277 et
317 2211 415 2277 vitam
429 2211 584 2278 diuinitus
595 2213 815 2279 declaratum:
838 2212 999 2290 alterum,

110 1703 263 1769 firmaret
283 1703 464 1770 versumti.
484 1699 619 1790 adjecit.
661 1699 781 1789 Itaque
796 1699 926 1769 Christi
946 1709 1105 1780 mortem,
1132 1719 1222 1766 ruor-

110 1789 164 1856 tui
178 1788 213 1854 in
233 1796 401 1871 mortuos,
429 1785 559 1856 Christi
580 1788 703 1871 vitam,
731 1787 800 1854 vitri
820 1785 929 1870 gavisi
949 1783 988 1850 in
1005 1784 1097 1850 vivos
1117 1783 1221 1876 impe-

110 1875 199 1942 rium
213 1871 254 1938 de
272 1870 372 1938 Pauli
389 1872 556 1938 sententiat
577 1867 777 1961 portendeie
796 1871 896 1956 longa
914 1869 1136 1936 certissimum
1159 1873 1223 1934 eet.

111 1958 170 2026 No
190 1957 275 2022 hunc
292 1955 389 2023 Pauli
408 1959 516 2023 locum
535 1979 632 2024 secus
649 1958 876 2042 intelligamus
895 1953 962 2022 duo
980 1951 1224 2032 considerandis

113 2049 350 2122 suutrunurn,
373 2039 575 2130 Apostolum
593 2064 658 2108 nou
673 2043 713 2108 do
736 2064 773 2107 re
794 2041 888 2130 ioqui
907 2061 969 2144 per
982 2037 1110 2106 Christi
1134 2059 1223 2103 mur*-

114 2137 181 2195 tem
195 2133 230 2192 ct
243 2127 344 2193 vitam
362 2147 436 2193 nere
455 2127 591 2220 effectu,
616 2127 676 2193 sed
696 2149 770 2195 eum
793 2149 863 2192 rem
884 2123 994 2190 dicero
1013 2121 1224 2278 beabfflibitb

112 2296 481 2380 aliquomcymbolicum
504 2297 622 2362 mortis
643 2296 814 2365 nChristo
834 2296 1004 2384 oppetitae
1026 2293 1165 2384 ejusque
1185 2293 1222 2358 in

1 2387 2 2398 ’
53 2395 56 2400 “
111 2383 215 2449 vitam
229 2379 407 2447 reditionis
425 2380 491 2445 vim
513 2402 551 2446 ex
577 2381 699 2462 licere,
726 2402 790 2448 non
810 2380 1024 2468 dopmnticnm
1045 2381 1222 2466 utriusque

112 2467 166 2538 rei
195 2466 260 2530 vim
289 2465 477 2532 errucleare.
563 2487 657 2554 empe
676 2467 860 2552 dopmuticu
881 2464 1110 2548 interpretatio
1128 2473 1223 2528 certa
1277 2527 1280 2542 ,
1344 2518 1346 2531 ,

112 2564 168 2618 est
181 2556 216 2632 et
228 2551 380 2632 stabilis,
395 2550 549 2638 quoniam
565 2550 599 2615 in
615 2554 653 2618 eei
668 2552 719 2618 rei
734 2551 910 2617 necessitas
923 2550 1114 2640 quaeritur3
1127 2569 1223 2631 cyrn-

111 2637 217 2705 bolica
231 2637 420 2725 explanatio
432 2637 520 2702 fluxa
534 2647 585 2702 est
600 2646 634 2701 et
648 2636 835 2717 instabilis,
849 2636 927 2723 quin
942 2635 1224 2719 imaginationem,

38 2765 42 2780 x
110 2721 374 2802 reserationem,
397 2719 510 2787 ducem
525 2725 665 2808 sequuta
680 2743 736 2786 res
751 2725 899 2808 spectat,
921 2741 1005 2806 quae
1021 2717 1223 2804 cogitatione

110 2806 349 2900 comprehendi
362 2827 462 2898 puoso
479 2806 663 2876 videantur.
692 2807 862 2872 Christum
871 2803 1223 2882 mortemoccuhuisse,

111 2899 153 2958 ut
167 2893 335 2960 hominum
350 2899 483 2978 peccata
499 2891 651 2980 expiaret
664 2891 778 2972 (Rom.
791 2889 919 2972 3,25.)‚
942 2911 961 2952 a
978 2886 1054 2954 Deo
1068 2887 1103 2954 in
1120 2888 1224 2952 vitam

1 3025 2 3038 ÷
112 2987 305 3048 revocatum
319 2998 412 3057 esse,
434 2985 471 3042 ut
485 2977 628 3042 Messias
649 2974 810 3042 divinitus
831 2973 1060 3039 declararetur
1084 2975 1131 3053 (v.
1152 2978 1224 3036 not.

1 3075 2 3080 ’
112 3062 160 3128 ad
181 3063 277 3131 lium.
299 3062 414 3145 4,25.)
440 3062 677 3150 depuratum
705 3059 953 3126 christianorum
974 3055 1225 3138 pnuertrirntori

111 3155 242 3214 eertum
257 3155 322 3217 est.
365 3149 415 3213 At
431 3144 557 3213 Paulus
572 3143 746 3230 symbolica
759 3143 978 3234 explicatione
999 3139 1129 3230 adjectis
1149 3159 1224 3204 ees·

112 3234 190 3300 dem
208 3235 337 3312 clavos,
359 3232 417 3323 qui
431 3231 558 3300 Christi
574 3253 696 3319 corpus
709 3231 799 3309 cruci
812 3230 1018 3309 aliixissent,
1046 3225 1151 3292 Musis
1163 3245 1225 3290 cc·
1251 3245 1259 3270 0
1318 3239 1320 3248 ’

7 3331 11 3347 “
113 3321 219 3389 dicem
239 3316 446 3405 perfodisse,
484 3326 520 3384 ut
541 3317 724 3384 aboleretur
745 3337 805 3381 nos
827 3315 948 3380 animis
970 3311 1095 3378 uostris
1118 3308 1224 3374 intor-

114 3427 208 3470 marc
220 3402 328 3496 jussit
343 3403 416 3470 Cui.
431 3406 539 3482 2,14..
585 3401 642 3467 Sic
657 3401 691 3467 h.
705 3401 728 3466 i.
746 3401 931 3485 dogmatici
950 3398 1069 3464 mortis
1088 3416 1106 3458 u
1124 3393 1225 3461 Chri-

116 3497 171 3558 sto
185 3489 353 3581 oppetitae
365 3486 503 3581 ejusque
519 3488 551 3552 in
566 3487 666 3552 vitam
684 3485 860 3551 reditionis
881 3485 913 3553 vl
935 3483 1068 3549 minime
1089 3477 1225 3546 sublate

115 3573 289 3642 Christum
305 3572 373 3637 Dei
388 3573 542 3638 mandatu
563 3579 728 3636 mortuum
748 3593 843 3653 esse,
870 3579 908 3636 ut
928 3591 1000 3634 eum
1019 3569 1055 3634 in
1075 3574 1224 3633 mortuos

118 3658 284 3728 dominari
303 3657 571 3746 intelliperemru,
608 3654 732 3720 vixisse
750 3656 862 3722 divino
882 3655 1023 3720 consilio
1043 3673 1082 3716 ex
1103 3646 1224 3714 inieris

101 3764 309 3824 reversum,
345 3748 382 3806 ut
404 3743 549 3810 vivorum
565 3740 727 3810 ,hominus
755 3742 980 3806 declararetur
1006 3739 1133 3820 tingere
1162 3753 1225 3797 nos

119 3831 310 3919 Apostolus
323 3826 443 3894 voluit.
485 3826 580 3912 Quae
596 3826 828 3927 interpretatio
845 3823 905 3888 heic
919 3819 1082 3890 sententici
1097 3818 1160 3883 niti
1173 3817 1225 3883 ri·

118 3915 237 3995 detur,
257 3911 409 3978 dominos
421 3911 568 4002 ejusdem
584 3929 661 3975 cum
672 3911 736 3990 irs,
756 3911 889 3997 inques
905 3907 1132 3983 dominentur,
1150 3913 1225 3968 sor-

1 4009 2 4046 i
119 4002 167 4068 tis
189 4019 264 4065 esse
286 4001 454 4085 oportere.
503 3993 786 4082 Quemadmodum
813 3990 1005 4078 archangeli
1034 3988 1164 4073 angelis
1190 3991 1225 4052 et

119 4087 271 4154 homiues
293 4083 481 4148 huminibus
510 4085 694 4170 imperant,
726 4079 774 4146 ita
797 4079 967 4147 Christum
996 4096 1071 4163 per⁴
1087 4080 1224 4138 mortem

121 4181 347 4248 mortuorum,
370 4169 544 4255 pervitam
559 4173 689 4232 mortuo
703 4166 867 4232 redditam
890 4163 1037 4229 vivorum
1058 4158 1226 4224 dominum

120 4255 284 4322 divinitus
304 4251 520 4322 coustitutum
540 4274 617 4319 esse
631 4247 738 4317 Paulo
753 4249 928 4341 probabile
942 4249 1049 4314 risum
1060 4252 1126 4312 est.
1170 4239 1226 4307 lto

122 4342 229 4434 igitur
250 4340 442 4438 Apostolus
463 4337 498 4409 h.
520 4339 547 4410 l.
567 4335 769 4428 disputarit:
796 4373 838 4400 -‚-
859 4335 932 4408 sire
954 4333 1121 4414 vivamus,
1154 4327 1225 4398 eisc
