2776 5018
382 400 514 474 ΕΜ).
534 399 638 470 xlv.
673 402 745 474 Vs.
764 404 817 471 ll.
840 401 908 473 12..
979 394 984 446 ἶ
1135 396 1199 473 itt

93 567 167 629 tum
182 579 256 630 esse
270 557 442 626 credamne
457 559 492 628 λι.
507 579 569 628 m.:
595 564 630 624 et
642 557 749 640 (lore,
769 556 823 640 ot)
838 572 1060 646 ‘rrneqnacqne
1083 557 1198 640 lingna

96 647 331 734 confessionem
348 647 456 732 faciat
478 647 535 730 (ut
559 665 653 708 nemo
676 663 740 708 non
761 643 853 712 videt
872 648 1096 728 peccatorem)
1110 642 1199 711 Deo.

94 731 218 799 Nihilo
233 733 348 796 minus»
365 751 580 818 egoquoqne
599 729 763 812 vulgatam
785 751 824 794 ex
849 730 1036 793 linationem
1058 735 1104 810 (ct
1126 722 1240 798 lore,¹

94 825 135 884 ut
150 817 287 904 quaevis
301 817 414 900 lingua
430 815 567 882 celebret
580 817 688 880 Derim
697 863 707 898 ,
729 823 766 880 ut
773 814 811 904 ju
839 817 935 898 icem)
949 814 1067 902 probo.
1111 816 1200 879 Nam

94 909 328 993 praeterquam
345 900 433 988 qnod
448 922 616 966 sacrorum
630 901 831 988 scriptorum
845 901 922 965 usui
942 897 1100 988 loquendi
1121 921 1200 963 con·

94 999 254 1053 sentanea
271 995 323 1052 est
336 998 370 1051 et
386 987 583 1052 sententiam
597 986 717 1050 'lundit
738 1007 810 1052 oum
829 987 884 1068 ei,
913 1003 998 1074 quae
1016 985 1200 1074 praecedit,

93 1081 327 1158 congruentem
343 1073 476 1155 egregie
489 1093 556 1138 rem
571 1071 765 1159 comprobat
778 1068 889 1136 divino
903 1071 1039 1136 oraculo
1054 1071 1107 1134 hic
1122 1091 1202 1134 con·

58 1183 63 1194 ι
93 1159 289 1224 firmandam
310 1169 354 1232 (r.
377 1161 505 1245 supra).
549 1155 709 1238 Fortasse
727 1158 827 1223 etiam
848 1175 890 1221 cx
909 1153 998 1223 Phil.
1020 1157 1115 1236 2,11.
1136 1155 1203 1217 ali-

54 1277 56 1280 ·
95 1243 186 1332 quod
198 1242 298 1333 liujus
311 1241 598 1330 interpretationis
611 1241 851 1320 firmamentum
862 1240 941 1332 jure
954 1252 1099 1329 repetas.
1129 1239 1201 1306 Ubi

95 1349 293 1418 quamquam
305 1324 572 1418 Paulus-Jcsejee
588 1328 686 1393 verba
698 1329 732 1392 in
746 1347 838 1394 suam
852 1347 921 1393 rem
935 1326 1201 1393 convertitidoo-

94 1436 162 1502 que
176 1413 456 1494 ἐξομολογεῖσθαι
467 1412 597 1500 fatendi
608 1414 796 1498 significatu
814 1413 945 1500 posuit,
965 1421 1074 1476 tamen
1094 1415 1126 1478 in
1143 1411 1203 1479 tc,-

22 1508 26 1516 '
69 1511 73 1519 '
95 1500 166 1590 saja
181 1495 461 1582 ἐξομολογεῖσθαι
478 1500 602 1586 pollere
617 1499 754 1564 laredare
767 1499 934 1564 indicasse
949 1497 1092 1565 videtur.
1135 1499 1201 1562 lli-

94 1588 147 1649 xit
162 1585 250 1648 enim
265 1619 307 1630 -
323 1585 378 1646 καὶ
391 1581 487 1648 πᾶσα
500 1585 635 1669 γλῶσσα
653 1578 1042 1670 ἐξομολογήσηται,
1066 1578 1119 1648 ὅτι
1138 1579 1201 1647 κύ-
1273 1633 1278 1644 ,

71 1692 171 1756 *proc
187 1665 314 1754 Ἰησοῦς
334 1662 501 1753 Χριστός,
530 1665 594 1745 εἰς
616 1666 747 1746 δόξαν
765 1667 872 1733 θεοῦ
893 1666 1062 1751 πατρός.
1105 1667 1201 1732 mino

93 1754 231 1840 γλῶσσα
246 1748 541 1838 ἐξομολογήσεται]
564 1752 605 1820 Β.
623 1752 667 1820 D.
681 1753 721 1820 ll.
738 1754 776 1820 ll.
792 1755 835 1821 G.
852 1755 954 1821 Goth.
969 1751 1014 1821 lt.
1027 1752 1104 1818 llul.
1115 1755 1203 1818 Am)
1244 1749 1250 1765 “

94 1836 256 1904 brasiast.
270 1835 386 1902 Sedul.
401 1835 681 1924 ἐξομολογήσεται
698 1840 794 1903 πᾶσα
808 1840 959 1922 γλῶσσα,
983 1837 1070 1924 qnod
1086 1839 1200 1903 Loci-

1 1934 4 1970 ?
93 1943 232 1990 maanus
248 1922 332 1985 male
345 1923 484 2007 recepit.
518 1923 580 1988 Est
592 1924 679 1989 enim
693 1945 733 1988 ex
747 1923 857 1989 codice
871 1925 1087 1989 alexandrino
1101 1921 1218 1994 LXX.

1 2059 2 2063 ,
93 2013 167 2076 Jes.
182 2007 299 2087 45‚23.
318 2007 500 2071 alibrariis
520 2007 688 2075 haustum.
735 2007 860 2074 l’anlus
879 2017 1009 2090 autem,
1033 2010 1090 2096 qui
1105 2007 1202 2076 iosa-

90 2094 148 2185 jac
169 2094 274 2157 locum
296 2112 360 2155 non
383 2092 574 2176 syllabatim
597 2116 637 2158 cx
657 2093 758 2160 LXX
775 2095 1010 2182 transscripsit
1031 2095 1130 2160 'verlm
1153 2094 1203 2159 sic

95 2177 325 2243 ordinaverat:
338 2213 382 2224 -·-
395 2178 490 2240 πᾶσα
504 2177 638 2261 γλῶσσα
654 2176 945 2266 ἐξομολογήσεται.
973 2175 1022 2266 τῷ
1034 2181 1121 2266 θεῷ]
1136 2201 1201 2246 om.

93 2262 143 2333 D.
154 2263 192 2330 ll.
206 2263 284 2347 (qui
298 2261 409 2329 vs.10.
423 2262 484 2325 τοῦ
496 2265 602 2327 θεοῦ
615 2263 857 2352 praebuerunt)
873 2274 907 2328 et
917 2263 1022 2351 Ephr.
1042 2264 1047 2352 Ι
1065 2267 1112 2352 τῷ
1126 2288 1202 2328 κο-

92 2348 139 2432 ρι’
146 2369 174 2432 ῳ
187 2347 243 2410 47.
258 2346 332 2430 (σαί
346 2366 396 2412 vs.
405 2346 458 2412 10.
471 2345 532 2410 τοῦ
543 2350 648 2412 θεοῦ
661 2348 792 2430 habuit)
805 2355 839 2412 et
847 2347 955 2435 Syrus
971 2362 1060 2436 post.
1079 2357 1084 2432 Ι
1104 2348 1202 2428 ἐμοὶ

92 2431 250 2522 exprimit
263 2430 372 2516 Syrus
386 2441 463 2494 ante
476 2433 570 2495 πᾶσα
583 2430 718 2513 γλῶσσα
730 2436 940 2503 collocatum.
985 2434 1072 2500 Sunt
1084 2435 1202 2500 lectio·

92 2539 153 2582 nes
166 2517 292 2580 nullius
312 2517 479 2581 momenti.
526 2514 583 2602 Τῷ
598 2517 677 2602 θεῷ·
693 2528 772 2668 post
795 2521 911 2604 κύριος
933 2526 967 2584 ct
988 2517 1202 2600 ianiincon-

91 2604 225 2668 einmrm
240 2600 426 2668 videbatur.
470 2598 591 2687 ltaque
611 2604 672 2668 alii
716 2605 905 2684 cieverunt,
935 2605 994 2670 alii
1012 2606 1121 2672 verbis
1142 2605 1202 2669 λε’-

2 2707 3 2712 ’
91 2711 142 2774 γει
159 2681 306 2772 κύρῑθς
323 2683 830 2774 1110ῐίτιγῖκσμίῳμοειιειιιιιτ,
852 2690 912 2758 alii
926 2689 1070 2778 deniqne
1088 2711 1201 2756 varens
1255 2719 1260 2723 -

92 2768 185 2852 ἐμοί,
209 2791 293 2858 quae
309 2772 496 2858 praecedit,
516 2774 657 2838 contuiti
671 2771 749 2856 ἐμοί
763 2775 829 2839 scri
856 2783 983 2843 serunt.
1022 2775 1202 2841 Praetereo

91 2877 178 2922 unrrs
194 2865 227 2920 et
240 2857 328 2920 alter
338 2854 387 2941 τῷ
399 2857 474 2942 θεῷ
487 2858 628 2938 amovit,
657 2858 745 2946 quod
757 2865 806 2945 τῷ
824 2797 898 2946 icat
912 2879 985 2924 curn
1006 2863 1054 2947 τῷ
1073 2861 1201 2946 βήματι

90 2945 153 3008 τοῦ
167 2942 360 3026 Χριστοῦ
372 2962 408 3008 v.
421 2943 555 3006 lta-non
568 2943 751 3009 consistere
764 2943 1001 3011 intellexisset.
1199 2967 1204 2974 ·

175 3043 223 3110 V.
238 3043 290 3109 12.
334 3041 433 3109 Nunc
456 3041 591 3110 Paulus*
605 3047 801 3112 sententiam
821 3045 936 3127 affert,
966 3067 1052 3134 quae
1075 3067 1115 3111 ex
1129 3038 1205 3111 'Dei'

90 3143 171 3195 voce
193 3131 244 3213 (v.
269 3127 343 3213 12.)
365 3138 605 3216 consequatur:
627 3129 741 3218 itaque
761 3155 842 3218 ergo
865 3138 981 3220 (quum
1005 3154 1065 3197 nos
1087 3153 1201 3197 omncs

90 3213 200 3278 Deum
224 3223 262 3278 nt
277 3213 424 3363 pudicem
449 3223 597 3304 nostrum
621 3217 746 3290 culturi
776 3227 810 3283 et
837 3217 1063 3306 praedicaturi
1094 3217 1200 3282 simus

90 3319 123 3367 v.
138 3299 206 3380 12.)
222 3300 277 3392 qui
296 3299 364 3364 ibet
384 3297 536 3365 nostrinm
552 3298 849 3390 (Christianorum)
869 3305 908 3370 cle
926 3309 988 3369 aad
1007 3305 1075 3370 otro
1096 3303 1203 3367 ratio-'

90 3383 274 3489 remnants
288 3385 374 3451 Deo.
388 3385 430 3472 *J
473 3385 667 3454 Sententiae
682 3389 814 3476 pondus
829 3391 865 3456 in
885 3388 998 3456 verbis
1018 3393 1098 3475 περὶ
1118 3383 1201 3455 ἔαυ-

125 3578 155 3647 *)
176 3573 246 3630 Cum
268 3574 371 3639 Paulo,
396 3569 442 3641 qni
465 3569 556 3624 Deum
576 3582 624 3626 aut
644 3571 782 3628 Christum
802 3573 822 3628 2
841 3573 905 3630 Cor.
923 3577 998 3641 5‚10.
1018 3573 1052 3629 dc
1072 3575 1199 3626 omnibns

158 3642 322 3700 Christianis
337 3641 468 3710 judicium
484 3642 548 3692 olim
566 3643 745 3695 exerciturum
764 3663 820 3696 esse
841 3643 1122 3711 constantiniensem
1141 3643 1199 3695 dis-

158 3714 259 3782 nnat,
287 3713 333 3784 qui
348 3709 466 3764 Messias
485 3708 588 3790 judicio
610 3729 667 3764 non
687 3710 739 3764 nisi
758 3713 797 3764 ad
813 3713 957 3782 improbos
974 3713 1097 3766 homines
1113 3712 1198 3764 relato

157 3784 262 3854 probos
275 3795 301 3834 et
314 3780 361 3852 qui
376 3778 459 3831 fidem
471 3775 627 3834 habuissent
640 3778 764 3834 homines
777 3781 948 3846 injudicatos
963 3781 1143 3850 sempiternae
1156 3779 1198 3830 vi·

160 3863 202 3906 tae
217 3849 360 3919 participes
374 3848 483 3900 futuros
498 3866 555 3899 csse
567 3850 660 3900 lessam
673 3849 816 3902 docentem
837 3849 942 3902 induxit
957 3851 983 3917 S,
997 3851 1037 3902 18.
1053 3851 1127 3916 5,ss
1143 3849 1198 3900 29..

51 3940 54 3958 ¹
161 3916 570 3998 Olstaoussnus'dissidentibus
586 3932 687 3997 ‘pacem
707 3913 764 4002 ⁸hic
789 3913 1029 4002 pbservatiunculei
1051 3917 1199 4000 qbtrudepe

103 4029 112 4039 '
158 3986 1199 4112 ttlltztlaltlzt't.zitidtttfl‘tlt'tt.lt.'2.t.“.llil¹²t.tllt

156 4129 243 4183 Rom.
259 4129 284 4195 8,
292 4125 333 4180 83.
347 4125 390 4179 84.
403 4125 495 4178 Deum
510 4134 556 4204 aqt
571 4122 708 4176 Christum
730 4125 854 4178 homines
871 4124 1032 4178 christianos
1052 4125 1197 4194 aliquanto

108 4203 111 4210 ⁴
156 4198 343 4265 judicaturum
364 4213 421 4248 esse
445 4211 584 4274 negavisse
609 4203 711 4246 temere
735 4197 862 4264 opinatus
881 4194 910 4261 (l)
936 4193 1096 4266 Apostolum
1123 4202 1197 4244 recte

136 4265 330 4322 'Christianos
350 4263 465 4316 Messias
484 4261 585 4329 judicio
603 4279 680 4316 nunc
697 4263 834 4332 subjicere
853 4281 928 4318 ncnc
946 4283 979 4316 eo
1005 4261 1121 4316 eximere
1147 4255 1198 4315 trio

158 4331 308 4406 profundi,
328 4331 353 4385 h.
366 4350 391 4387 c.
404 4325 537 4392 absurdi,
555 4330 739 4402 disputatione
751 4331 859 4384 efficere
874 4331 991 4384 studuit:
1013 4329 1105 4402 „llBlt
1119 4328 1198 4396 qinon,

156 4407 205 4464 ten
217 4406 293 4475 tagra
304 4415 335 4472 au
350 4398 466 4470 mittite.
485 4399 537 4468 tot
549 4400 592 4458 tet
605 4397 857 4472 tratetttaessatant
867 4397 1074 4494 οιιθῑᾶσθίμα
1087 4397 1115 4458 tn
1124 4401 1194 4483 epac·
