2806 5014
100 399 102 414 =
148 366 196 438 ss
280 305 281 308 Ὺ
332 327 642 438 sessroca
681 365 760 433 au
796 307 1077 435 nonanus
1119 403 1123 411 ,

144 531 209 591 aas
229 517 318 588 alias
338 519 486 588 virtutes
506 521 675 603 enuntiat,
704 518 971 613 qnandoquidem
993 519 1053 608 qui
1074 539 1136 623 por
1158 519 1269 585 omnia
1295 557 1299 565 κ

153 609 240 692 idem
257 607 405 672 sentiant
420 604 461 672 da
478 607 571 674 nullia
583 628 621 674 rc
635 608 726 674 iuter
743 630 780 675 so
795 607 999 716 discrepant.
1043 605 1101 673 Sic
1118 604 1268 692 Philipp.

154 695 231 778 2η2.
249 689 375 758 ΡειιΙιιε
391 691 628 782 Philippenses
641 694 727 760 idem
738 695 860 761 sentire
872 701 926 778 (το
941 689 1033 758 αὐτὸΙ
1044 693 1195 778 φρονεῖν)
1210 691 1268 780 ju·

154 781 213 848 bst
224 786 326 866 atque
340 783 379 844 ut
393 776 428 844 id
441 779 584 859 faciant,
606 801 691 870 opus
706 777 782 846 ess'e
796 780 863 862 sit,
889 786 927 844 ut
940 798 1053 866 parem
1070 799 1150 860 erga
1165 799 1201 842 se
1216 779 1269 842 iu-

25 943 29 956 ,
154 866 260 935 ricem
280 885 426 931 amorem
449 866 593 931 habeant
614 887 721 953 nequo
740 865 819 954 quis
841 865 983 932 alterum
1005 864 1084 952 plus
1106 863 1270 942 minusve,

157 973 257 1040 quam
271 950 415 1032 alterum
430 950 552 1036 diligat
566 947 639 1036 (τὴν
653 948 756 1040 αὐτὴν
771 946 906 1038 α’γάπην
929 945 1073 1030 iporeae)
1081 995 1091 1026 ,
1126 954 1163 1013 ut
1186 969 1269 1012 una·
1397 1019 1398 1032 η

108 1051 134 1072 ’“
157 1038 264 1102 nimes
287 1036 356 1102 siut
375 1037 597 1121 (σόμψυχοι),
621 1043 658 1102 ut
678 1037 711 1100 in
735 1037 850 1110 eadem
875 1037 946 1101 siut
966 1033 1133 1101 sententiis
1157 1033 1209 1115 (τό
1234 1027 1270 1099 ἓν

157 1121 376 1211 φρονοῦντες,
399 1123 454 1188 cui
466 1122 646 1209 opponitur
665 1118 796 1208 όμφίς
816 1125 966 1208 φρονεῖν)
982 1137 1090 1208 neque
1102 1120 1136 1184 in
1157 1119 1270 1184 dicer-

155 1229 214 1280 aas
221 1210 412 1273 sonantius
427 1207 567 1288 abeant,
588 1228 608 1270 a
622 1208 839 1274 factiosorum
853 1206 976 1273 studiis
990 1215 1023 1272 et
1039 1229 1057 1269 a
1073 1225 1176 1271 vanae
1194 1203 1270 1289 glo-

157 1293 229 1360 riae
242 1293 425 1382 cupiditate
441 1292 660 1358 abhorrentes
673 1295 792 1380 (μηδὲν
812 1292 897 1358 κατὰ
917 1289 1071 1378 ἐριθείαν
1088 1290 1109 1376 ἢ
1130 1291 1270 1355 acredo-
1398 1325 1399 1348 ι

158 1376 232 1458 ξῖαν
247 1380 325 1445 scil.
336 1377 564 1466 φρονοῦντες).
585 1377 592 1388 ‘
608 1377 678 1445 Sed
693 1401 794 1466 saepe
809 1380 878 1445 late
892 1389 1010 1465 pateus
1026 1373 1065 1441 τό
1082 1371 1163 1440 adad
1178 1395 1273 1459 φροε
1398 1433 1400 1456 η

24 1533 29 1543 ,
157 1462 280 1529 νεῖνεό
300 1485 400 1531 uttam
422 1463 587 1550 quandam
611 1484 700 1547 rem,
728 1465 769 1529 de
794 1463 1029 1552 clarihomines
1051 1460 1273 1546 consentiant,
1398 1457 1400 1486 ¹

159 1548 208 1616 ita
229 1545 395 1628 refertur,
422 1557 462 1614 ut
482 1569 572 1630 rem,
592 1549 634 1616 dc
648 1551 715 1638 quai
736 1547 955 1631 concordent,
986 1553 1142 1613 contexta
1162 1545 1272 1610 oratio

93 1675 96 1678 -
160 1641 327 1702 monstret
359 1634 504 1722 Dionys.
533 1635 645 1704 Halia.
677 1638 726 1704 A.
757 1635 801 1703 R.
829 1635 922 1718 4,20.
956 1632 995 1700 τό
1026 1629 1108 1698 adad
1136 1633 1273 1716 φρονεῖν

143 1744 146 1760 ·
162 1725 216 1786 est
229 1721 362 1787 eandem
375 1720 568 1786 sententiam
581 1719 673 1808 ferre
687 1719 763 1802 (ἐπὶ
778 1723 838 1807 τῆς
852 1718 954 1806 αὐτῆς
966 1717 1201 1803 προαιρέσεως
1215 1713 1273 1800 γό-

162 1809 318 1888 recusa:
341 1806 364 1870 2
376 1803 531 1874 Corinth.
545 1807 658 1888 13,ll.
672 1805 711 1874 τό
728 1801 809 1873 αὐτό
825 1810 980 1892 φρονεῖτε
993 1804 1079 1870 ualet
1092 1803 1177 1868 ι’όεοι
1191 1821 1273 1866 ιονι-Δ

160 1891 222 1958 tite
243 1913 308 1957 υοε
325 1890 501 1958 inuicem
528 1914 664 1958 amore
690 1894 1104 1976 prosequentesmam
1128 1887 1228 1955 verbo
1251 1876 1272 1950 ό

59 1988 64 1992 ’
161 1974 249 2052 θεὸς
264 1979 328 2082 φῆς
346 1973 511 2062 όγόπης
534 1977 576 2042 ad
588 1974 630 2044 τό
645 1973 728 2044 adad
743 1980 898 2063 φρονεῖτε
913 1985 946 2040 et
966 1976 1126 2041 vocabula
1149 1963 1167 2040 ό
1188 1970 1273 2045 θεὸς

161 2057 223 2147 τῆς
237 2060 408 2149 ειρήνης
422 2060 464 2126 ad
479 2059 666 2149 εἰρηνεύετε
679 2067 846 2164 spectant)
864 2072 898 2127 et
912 2069 1029 2126 nostro
1042 2061 1116 2126 loco
1130 2055 1170 2126 τό
1190 2050 1273 2122 αὐτὸ
1399 2135 1401 2140 ,

163 2151 300 2232 φρονεῖν
312 2150 346 2212 in
363 2147 595 2214 modestiae
616 2149 722 2213 εόαόιο
736 2169 909 2234 conpraere
921 2146 1089 2226 declarat,
1116 2153 1153 2209 ut
1171 2163 1274 2232 expo·

162 2230 244 2298 sitio
258 2232 419 2319 proximis
433 2232 546 2297 verbis
562 2233 798 2321 comprehensa
819 2233 967 2296 ostendit
985 2235 1030 2314 (v.
1051 2229 1184 2318 supra).
1227 2225 1274 2315 μὴ

161 2314 204 2380 τὰ
218 2309 338 2403 όψηῖοὶ
350 2316 567 2402 φρονοῦντες]
589 2340 654 2383 noo
669 2318 796 2385 adalta
808 2320 987 2383 ῖεννόεοῖεε.
1032 2315 1065 2382 N
1068 2337 1120 2380 am
1136 2314 1196 2402 qui
1217 2335 1275 2378 ex-

59 2431 61 2439 ·
164 2402 260 2503 celsa
269 2403 428 2486 (honores
442 2409 477 2465 et
491 2405 588 2491 opes)
603 2411 764 2491 appetunt
777 2424 814 2468 se
823 2402 901 2467 aliis
913 2403 1064 2491 potiores
1076 2401 1276 2467 existiment

162 2507 373 2640 miseraetpue
392 2508 508 2553 eorum
531 2488 730 2555 conditionis
754 2496 926 2554 consortes
946 2509 1021 2558 esse
1043 2488 1172 2553 nolunt.
1223 2484 1278 2552 cf.

160 2569 303 2640 Luciau.
340 2593 505 2639 ceromeu.
532 2596 562 2642 c.
578 2574 629 2643 ll.
650 2574 708 2660 (de
730 2573 842 2660 Menip
867 2595 904 2654 o,
933 2573 992 2661 qui
1011 2575 1140 2639 coelum
1162 2572 1278 2638 volatu

163 2656 279 2744 petiit)
294 2653 350 2736 Ὡς
364 2660 402 2725 δὲ
417 2655 601 2736 ἀκινδύνως
615 2662 828 2745 κατεπτόμην
841 2676 863 2726 ὐ
873 2659 989 2746 ψηλό
1010 2659 1032 2746 ἤ
1041 2661 1060 2723 ό
1069 2683 1088 2745 η
1113 2658 1182 2722 καῖ
1203 2679 1277 2738 με-

161 2739 299 2827 τέωρα
319 2742 484 2830 ἐφρόνουν
503 2743 676 2832 (dicuutur
696 2748 850 2830 regiones
877 2745 1026 2832 acropoli
1057 2743 1215 2824 altiores,
1245 2741 1278 2807 i.

115 2868 120 2880 ·
162 2820 1277 2940 υ.10.)εΗεειαοι.ε.5.-εῖκότως·ὑψηλὰγάρῆόηφρο-

114 2928 118 2936 ‘
163 2915 267 2997 talc,
288 2917 345 2982 καὶ
358 2906 508 2981 ivatas·
526 2907 622 3002 ἡμεῖς
634 2917 673 2983 δὲ
686 2908 707 2982 ό
721 2918 890 3067 συρφετός
904 2916 961 2981 καὶ
974 2909 1052 2983 όσοι
1068 2915 1200 2996 χαμαὶ
1216 2910 1278 2997 ἐρ-

160 2991 299 3083 χόμενοι
313 2998 413 3083 ἐσμὲν
423 2999 509 3083 μετὰ
521 3001 587 3066 ταῖν
600 3003 692 3068 θεοῖν
706 3004 763 3067 καὶ
795 3001 862 3084 μᾶς
875 2995 1133 3082 προςευξόμεθα
1148 2994 1279 3084 ὑπερ-

163 3107 205 3149 νε
248 3083 371 3163 όλους
384 3085 580 3170 γενομένους
592 3089 650 3152 καὶ
663 3083 869 3166 ἀνελθόντας
884 3081 922 3155 οἷ
932 3081 1225 3152 πάλαισπεόόετε.
1235 3119 1277 3134 -

164 3106 252 3236 atde
265 3175 338 3246 τοῖς
349 3176 523 3248 ταπεινοῖς
540 3171 828 3260 συναπαγόμενοι]
855 3167 1044 3257 Συναποῖγω
1067 3176 1162 3235 notat
1179 3167 1280 3234 simul

167 3255 342 3342 abducere,
371 3256 564 3336 abstrahere
585 3264 619 3322 et
639 3257 898 3344 ουναποῖγεοθυι
919 3258 1017 3323 simul
1038 3255 1169 3337 ιιόόιιοῖ,
1196 3254 1283 3320 ιιόε-’

166 3340 266 3408 tratti.
309 3339 517 3429 Saepissime
531 3335 897 3429 coaomdymimpetum,
924 3365 990 3431 quo
1010 3341 1155 3429 aliquem
1176 3331 1280 3406 simul

68 3497 70 3508 Ι
166 3423 314 3492 abducas
335 3447 366 3494 s.
388 3425 587 3506 abstrahas,
616 3424 817 3504 subindicat.
868 3428 960 3494 Mala
984 3428 1075 3496 notio
1103 3427 1202 3492 simul
1229 3423 1281 3490 ad

165 3508 292 3596 nefas
311 3506 464 3578 adstrati
481 3533 545 3576 non
569 3512 602 3578 iu
624 3511 726 3578 verbo
744 3511 1004 3600 υυναπόγεσθαι
1028 3513 1154 3580 insidet
1174 3509 1280 3598 (Moe

164 3615 223 3661 raa
259 3594 763 3680 ltetct.a1.),sedinterdume
779 3599 934 3666 contexti
956 3601 1107 3666 oratione
1130 3599 1283 3664 nascitur

116 3694 120 3700 “
166 3644 368 3780 (lil'eyertta).
401 3682 507 3754 Excd.
524 3676 844 3768 14,6.Ἔζευξενοόν
865 3680 1049 3775 espectet
1064 3679 1199 3771 ἅρματα
1213 3676 1281 3750 cai-
1318 3753 1323 3760 ,

165 3787 226 3832 του
242 3766 299 3834 acl
312 3763 424 3833 πάντα
437 3765 594 3836 adelada
606 3763 712 3837 αὑτοῦ
730 3769 944 3860 συναπήγαγε
962 3769 1042 3854 μεθ’
1057 3766 1182 3838 ἑαυτοῦ
1203 3774 1281 3856 (cc-

164 3872 238 3918 eam
259 3851 361 3920 εῖνναό
379 3853 544 3938 abducit).
595 3853 678 3925 Cam
694 3857 820 3924 Datiro
843 3877 1000 3940 pascuae
1021 3851 1283 3942 ουνοπόγεσθαι
1309 3887 1314 3892 -

163 3937 265 4006 simul
277 3958 349 4003 carm
363 3938 471 4046 aliquo
488 3939 620 4028 abduci,
650 3942 802 4009 abstrahi
816 3943 984 4012 «declarat.
1028 3943 1187 4012 Achilles
1208 3941 1281 4007 Ta-

62 4083 65 4091 .
163 4022 234 4088 tius
248 4015 444 4104 7,3.Ὅμεν
461 4018 521 4092 οὗν
539 4025 579 4093 τό
602 4025 740 4096 ἀνόσιον
761 4025 862 4138 ἔργον
880 4031 982 4096 τοῦτο
1006 4029 1087 4116 όρᾷ·
1109 4025 1177 4112 ἐγὼ
1200 4030 1238 4095 δὲ
1261 4022 1281 4092 ὅ

162 4106 306 4185 ἄθλιος,
337 4109 416 4175 οὔτε
439 4107 522 4177 ἰδεῖν
543 4108 661 4189 αὐτόν,
693 4104 770 4178 οὔτε
793 4112 894 4198 ε’ργου
915 4113 1008 4192 τινός
1030 4108 1237 4198 κοινωνήσας
1258 4110 1280 4200 ἢ

122 4249 125 4257 ι
161 4192 281 4279 λόγου,
304 4213 468 4282 συναπη
501 4194 608 4283 όμην
631 4189 1012 4283 αότηῖιῖεόεμόνος,
1043 4191 1162 4276 ὡςτοῦ
1180 4197 1282 4286 ἔργου
1341 4221 1347 4232 “

160 4277 331 4355 κοινωνός.
375 4221 653 4365 Agatharchides
674 4304 692 4346 a
720 4281 763 4348 ud
781 4281 938 4353 Photium
952 4284 1045 4354 Ribl.
1061 4304 1103 4386 p.
1124 4283 1202 4352 ⁷27.
1225 4281 1282 4352 ed.

113 4379 115 4383 ’
158 4359 326 4454 ῌοεεοόεῖ.
341 4367 458 4468 (16⁰1.
472 4368 553 4457 iol.)
568 4359 670 4448 οὗτος
690 4305 732 4438 dd
752 4366 844 4440 dcam
866 4363 888 4438 ό
907 4371 1013 4450 πόνος
1029 4392 1096 4437 των
1117 4366 1283 4458 γυναικοῖν
