2860 5016
436 314 665 389 cinxit.
710 319 926 392 vac-c.
1118 289 1120 298 ’
1193 325 1237 392 ss

68 495 71 502 ·
125 497 208 564 perne
220 474 312 542 Deus
326 479 374 580 (r.
392 476 410 543 1
425 475 502 545 Cor.
520 475 630 558 123⁰.
652 477 694 543 ol.
709 498 740 544 v.
755 475 826 559 28.)
837 483 971 563 prester
985 483 1126 546 noluere
1137 481 1229 548 ordi·

123 583 197 626 nem
211 561 435 647 perspiritum
448 586 474 630 s.
489 566 503 650 (
507 565 524 628 l
538 562 617 632 Gor.
631 562 685 643 12,
693 562 725 629 4.
741 563 774 629 9.
791 565 832 627 ll
849 561 1051 646 idaminidus
1069 563 1227 632 christin-

122 647 175 711 ns's
183 649 264 726 dni,
292 655 361 714 term
375 655 412 713 ert
432 665 502 714 rem
524 648 737 716 ebriationem
755 655 904 733 potenter
922 644 1074 796 αιᾷὶαυολ,
1101 657 1168 716 tum
1191 658 1228 716 ui

119 729 327 800 dirissimos
355 733 478 799 eximio
505 733 618 800 decore
637 740 729 799 ornet
749 737 783 816 (l
806 731 884 801 Cor.
904 734 938 813 7,
980 737 1226 821 Maeoniumque

119 818 223 898 possit
244 820 402 884 ostendat.
449 817 543 884 ilaec
564 818 765 884 charismata
787 818 1054 886 extraordinario
1076 827 1155 884 sunt
1176 826 1223 903 (r.

117 899 279 984 (Μάλανα
291 909 340 970 orr
356 905 525 990 mintium
540 924 569 973 tt.
581 905 702 990 iritum
716 910 763 972 oet
778 903 982 1005 militricis
998 907 1082 984 turn
1095 904 1223 1006 oieilpn

114 987 175 1068 liti.
219 991 293 1058 Qun
308 987 519 1090 A3liiennder
531 993 565 1070 1,
579 1011 616 1092 p.
633 991 705 1055 11⁵.
728 991 836 1076 memb.
853 990 972 1089 ldd23).
1001 987 1120 1077 Neque
1133 1011 1220 1055 emm

114 1091 153 1174 ep
170 1069 263 1138 Deus
279 1073 468 1140 hominibus
481 1085 620 1157 insevit,
642 1095 743 1163 quum
757 1093 919 1140 cosnosci
932 1073 1081 1163 juberet,
1096 1073 1222 1159 sedpcr

186 1239 233 1274 vos
246 1241 350 1290 quoque
361 1242 416 1285 pro
430 1227 495 1278 med
508 1229 602 1280 solute
616 1228 705 1282 simul
715 1244 834 1294 operam
845 1229 998 1296 praestetis·
1013 1225 1105 1283 uesird
1122 1233 1218 1296 depre-

185 1292 302 1348 catione.
338 1291 508 1363 Praepositio
527 1294 582 1351 σύν
600 1297 673 1349 verbi
693 1296 966 1378 συνυπουργούντων
980 1301 1020 1350 ad
1038 1296 1159 1350 Paolum
1175 1319 1216 1352 re·

86 1380 97 1402 x
183 1359 294 1413 serenda
310 1372 387 1416 estet
400 1365 488 1432 ipsum
505 1383 555 1435 pro
568 1363 615 1418 suri
630 1365 715 1419 salute
729 1361 823 1435 prodes
834 1371 994 1437 lanicutem,
1017 1365 1065 1422 stol
1085 1361 1166 1450 ὑμῶν
1184 1363 1216 1420 ad

183 1429 357 1484 alios-coctus
370 1433 486 1502 pertinet
498 1451 549 1502 pro
563 1434 652 1488 Paulo
670 1439 860 1505 deprecantes:
885 1436 908 1490 si
927 1455 1034 1491 mecum
1054 1440 1111 1507 (qur
1132 1441 1216 1507 preci·

181 1497 234 1552 bus
246 1499 362 1555 salutem
378 1507 507 1571 exposco)
521 1519 570 1558 ros
585 1521 695 1575 quoque
707 1508 751 1576 (ut
769 1506 814 1560 aiii
830 1505 1044 1560 Christianorum
1064 1515 1158 1559 coctus
1179 1505 1216 1558 l'a·

183 1566 271 1632 ciunt)
284 1587 334 1640 pro
349 1565 409 1624 nied
421 1569 506 1626 salute
520 1591 629 1642 operam
644 1577 783 1641 praestetis
797 1571 886 1628 vestri
907 1575 1104 1644 deprecatione.
1140 1575 1216 1628 Meis

181 1635 307 1704 Meyerus
326 1641 568 1706 praepositionem
588 1637 630 1698 ου’
637 1661 654 1696 ν
672 1642 704 1695 ad
725 1643 795 1697 aiios
813 1642 1031 1697 Christianorum
1052 1652 1146 1698 coetus
1165 1662 1215 1713 pro

182 1705 270 1757 Paulo
284 1707 459 1778 deprecantes
469 1711 579 1766 rettulit.
614 1709 711 1766 norici
721 1711 852 1782 πρόςωπα
871 1711 890 1764 ii
903 1708 1027 1764 homines
1046 1715 1086 1779 (v.
1101 1713 1215 1766 loheel«.

181 1774 214 1826 ad
231 1775 337 1847 Phryn·
353 1795 377 1845 p.
390 1776 463 1842 880.)
480 1781 626 1847 dicuntur,
644 1784 694 1850 qui
704 1787 881 1847 deprecando
895 1781 981 1833 Pauli
989 1783 1110 1834 sulutem
1125 1783 1214 1836 oDso

167 1845 348 1914 ‚impetrarim
366 1851 471 1904 πολλοί
481 1848 499 1900 ii
515 1859 666 1914 vocantur,
683 1852 728 1920 qui
743 1871 793 1922 pro
806 1869 856 1904 suo
871 1863 933 1918 cepa
945 1848 1059 1902 Paulum
1071 1869 1163 1904 amore
1176 1869 1214 1902 sa·
1257 1870 1261 1878 “
1286 1841 1289 1858 ’

108 1959 111 1973 ,
179 1912 387 1968 lutemillorum
422 1916 529 1970 renibus
544 1917 665 1974 effectam
678 1923 824 1990 gratiarum
839 1920 947 1974 actione
961 1917 1108 1974 celebrent.
1141 1917 1214 1970 ilaec

179 1979 264 2050 igitur
277 1981 379 2034 Paulus
392 1935 470 2038 dxii:
486 2015 518 2025 -
541 1985 586 2053 qui
603 1989 701 2056 (Deus)
717 2009 731 2041 e
745 1999 798 2040 tam
815 1988 888 2040 dirae
907 1985 1002 2040 mortis
1021 1986 1144 2042 laucibus
1162 1987 1212 2055 (ci.

176 2052 194 2120 *l
211 2049 276 2103 Cor.
293 2049 333 2112 15,
341 2050 395 2119 52.)
412 2071 455 2106 me
467 2054 565 2123 eripuit
578 2065 604 2108 et
616 2057 694 2126 eripit
707 2069 747 2116 et.
765 2059 804 2109 uti
823 2075 919 2126 spero,
939 2057 966 2107 in
987 2063 1124 2127 posterum
1140 2075 1212 2127 quo·

178 2119 411 2242 diiii‘ili'sii
426 2124 619 2246 ‘tigridi'
631 2124 907 2262 “iflii‘i‘t‘tt
923 2126 1214 2248 ttttltitt'iit‘

176 2256 275 2310 feretis
285 2209 444 2327 precationls
459 2259 555 2324 vestri,
568 2272 597 2314 ut
609 2213 664 2328 ped
676 2267 781 2316 inultos
792 2211 986 2328 deremirsespmui
1001 2263 1115 2315 salutem
1123 2281 1211 2316 meam

178 2322 305 2396 precibus
323 2347 338 2380 a
353 2327 414 2382 Deo
433 2329 649 2400 impetraverint)
669 2331 834 2384 beneficium
855 2330 923 2383 mihi
941 2333 1035 2384 dutum
1059 2329 1141 2399 (selus
1158 2331 1210 2384 be·

178 2393 260 2462 nigne
277 2394 345 2448 mihi
362 2397 440 2466 data)
456 2417 474 2450 α
491 2402 589 2452 multis
604 2399 667 2470 (qui
688 2419 772 2470 quurn
792 2419 835 2452 mc
855 2399 970 2472 diligant
987 2410 1014 2452 et
1033 2412 1211 2454 revereantur

173 2463 259 2516 salute
273 2463 331 2518 med
343 2465 487 2536 gaudeant)
500 2470 646 2538 gratiarum
670 2470 777 2524 actione
797 2469 968 2537 praedicetur
986 2488 1067 2540 super
1086 2484 1131 2522 me
1150 2485 1205 2522 ser-

175 2542 246 2613 vato.
284 2534 314 2588 Si
328 2536 408 2589 nrulti
420 2537 612 2602 deprecatione
633 2533 682 2592 sud
699 2539 813 2592 salutern
832 2536 915 2592 alicui
936 2541 1025 2592 aDeo
1048 2537 1208 2609 impetrare·

174 2611 233 2654 ΗΜ
247 2612 274 2659 el
288 2603 366 2663 nrulti
380 2613 438 2660 tum
451 2607 530 2674 Deo,
570 2608 623 2661 uod
640 2625 736 2662 cerum
748 2606 888 2660 hominem
906 2608 1010 2662 salvum
1030 2624 1208 2664 conservave-

173 2670 225 2733 rit,
242 2672 340 2744 gratias
352 2683 446 2744 agant,
466 2675 535 2730 haud
549 2627 632 2730 dubie
641 2678 830 2748 deprecatores
843 2678 989 2747 gratiarum
1002 2685 1209 2746 auctoressum,

156 2759 247 2815 ,quae
266 2758 315 2811 pro
335 2760 367 2795 eo
386 2754 548 2798 conservato
563 2747 623 2800 Deo
643 2765 657 2798 a
678 2756 769 2798 antur.
812 2745 879 2797 Nam
898 2746 951 2799 nisi
972 2746 1161 2816 deprecdtores
1179 2765 1226 2798 sev

171 2808 398 2880 interposuissent
414 2815 490 2866 Deus
509 2813 639 2868 miserum
659 2766 797 2867 lotricem
816 2829 874 2866 non
895 2824 1025 2869 servasset
1042 2831 1131 2883 neque
1150 2833 1208 2884 gra·

172 2881 228 2931 tiae
241 2898 292 2950 pro
305 2897 339 2934 su
353 2893 458 2935 servato
472 2884 532 2936 Deo
545 2884 587 2954 agi
600 2893 719 2954 possenti
757 2881 884 2950 Optabile
902 2894 993 2936 autern
1015 2883 1061 2952 pio
1073 2884 1207 2952 Apostolo

143 2961 152 2980 ⁸
173 2949 297 3012 videtur,
315 2959 351 3002 ,ut
363 2950 442 3005 multi
453 2963 480 3004 et
492 2969 574 3020 opem
587 2971 601 3004 a
613 2953 675 3006 Deo
687 2961 797 3019 petant,
816 2961 842 3004 et
857 2951 936 3004 latam
957 2967 1036 3018 opem
1060 2950 1207 3017 gratiarum

75 3039 80 3048 “
173 3016 283 3073 actione
303 3018 443 3075 extollant.
487 3021 580 3091 ltaque
597 3029 628 3073 ut
644 3019 723 3073 multi
742 3038 794 3090 pro
812 3038 840 3072 se
857 3019 1036 3089 deprecentur
1049 3018 1208 3072 Corinthios

174 3106 286 3158 quoque
301 3104 351 3158 pro
365 3083 411 3142 sui
424 3089 510 3143 salute
521 3107 613 3162 preces
627 3089 740 3142 lundere
755 3087 830 3145 vuit:
851 3106 945 3140 verum
968 3086 1039 3140 enim
1061 3085 1131 3158 esse,
1149 3106 1207 3140 non

172 3165 205 3206 ut
218 3175 385 3226 paucorum,
405 3158 452 3211 sed
465 3167 494 3210 ut
505 3174 534 3208 m
543 3162 580 3211 ssi
584 3168 643 3210 tor
651 3177 706 3210 um
725 3157 927 3222 deprecationes
939 3159 1095 3208 multorum
1114 3158 1208 3226 gratia·

107 3243 112 3250 ¹
169 3241 238 3276 rum
252 3225 386 3279 actionem
406 3227 526 3298 gignant.
562 3227 692 3296 Meretur
711 3225 791 3280 verbs
809 3230 857 3280 λνα
876 3226 906 3280 ἐκ
923 3225 1037 3280 πολλῶν
1054 3221 1209 3293 προςολπων

172 3293 207 3348 ῐό
220 3297 256 3355 εἷς
270 3289 341 3366 ἦμᾶς
348 3294 472 3368 χάρισμα
486 3293 532 3352 dd
546 3298 659 3352 πολλόν
671 3293 864 3367 ου’χαρισῐηθῇ
881 3287 951 3365 ὖπέρ
966 3291 1045 3368 ἡμῶν
1064 3297 1105 3350 sic
1123 3295 1207 3349 inter·

175 3373 295 3434 pretatur
310 3373 362 3419 est:
384 3376 413 3418 ut
426 3385 465 3419 ex
478 3368 634 3420 multorum
647 3369 794 3418 hommum
808 3375 886 3418 vultu
899 3367 1061 3420 beneficium
1073 3382 1125 3430 per
1136 3366 1222 3416 mol.
1310 3427 1316 3440 ·

174 3441 218 3486 tos
232 3433 393 3500 (multorum
411 3435 613 3506 deprecatione)
627 3435 656 3489 in
670 3438 860 3488 merodorum
874 3437 1021 3503 gratiarum
1034 3431 1141 3488 actione
1159 3452 1206 3484 ce-

172 3500 295 3553 lebretur
311 3515 424 3574 propter
446 3523 498 3559 rne.
538 3503 591 3558 Vir
607 3508 708 3559 doctus
721 3503 801 3556 verba
819 3503 852 3559 sd
872 3507 909 3564 eir
924 3499 996 3591 ἡμᾶς
1015 3501 1139 3574 χάρισμα
1163 3502 1209 3557 dui
1278 3501 1280 3508 ’

172 3572 287 3626 πολλῶν
305 3569 333 3623 in
354 3591 435 3624 unam
457 3575 597 3627 notionem
617 3574 751 3629 contraiit
768 3574 801 3641 (i.
822 3593 849 3645 q.
871 3575 913 3628 ὅτι
932 3580 1009 3645 speie
1033 3575 1066 3629 sd
1081 3573 1208 3644 χάρισμα

172 3637 336 3712 ἔχομενδιοῖ
345 3643 479 3710 πολλᾶν).
515 3643 695 3713 Quamquam
709 3641 779 3696 banc
801 3645 947 3697 verborum
967 3646 1123 3712 juncturam
1144 3661 1213 3702 usus,

109 3713 112 3718 ’
174 3708 308 3780 loquendi
321 3710 483 3765 nnuminus
498 3709 633 3782 admittit,
656 3729 738 3783 quarn
759 3723 861 3770 arctam
880 3713 1027 3768 verborum
1045 3713 1078 3768 ist
1092 3713 1207 3766 πολλῶν

173 3779 331 3850 προςολπων
348 3778 380 3834 sd
399 3784 435 3842 εἰς
451 3777 520 3852 ipsis
537 3777 662 3852 χάρισμα
685 3780 937 3851 consociationem,
968 3800 1036 3852 quae
1055 3781 1118 3834 mihi
1139 3781 1206 3832 olim

174 3848 276 3918 placuit
291 3854 400 3920 (v.not.
419 3851 451 3904 ad
469 3852 549 3904 Rom.
566 3851 680 3918 1‚195.),
694 3858 788 3902 tamen
801 3858 896 3905 neutra
916 3851 942 3906 b.
964 3851 983 3904 l.
1003 3849 1140 3918 probanda
1161 3857 1209 3914 est,

173 3936 260 3986 quum
274 3919 296 3970 si
318 3919 523 3977 usitatissimum
546 3919 676 3990 loquendi
696 3935 781 3988 genus
800 3932 928 3988 sequutus
946 3921 977 3973 ils
995 3921 1109 3974 nolitis
1126 3935 1210 3983 προς-

174 3985 261 4042 ολπων
273 3996 300 4038 et
311 3989 360 4044 ded
367 3991 480 4044 notras
492 3990 525 4044 ad
539 3991 651 4042 verbum
671 3988 855 4060 εὐχαριστηθῇ
874 3989 1012 4041 rettuleris
1031 3989 1131 4054 optima
1150 4004 1209 4041 sen·

174 4060 258 4111 tentia
272 4070 406 4112 nascatur.
440 4058 549 4114 Deinde
562 4056 605 4111 vir
616 4059 714 4127 doctus
728 4059 841 4110 Paulum
863 4073 914 4128 pro
937 4054 991 4112 ὁπδ
1009 4055 1123 4113 πολλῶν
1140 4074 1208 4122 gro-

173 4124 300 4193 phiscis
313 4129 425 4184 πολλῶν
445 4121 602 4196 προςολπυν
620 4127 661 4193 (ex
681 4126 771 4178 multis
792 4125 942 4193 faciebus),
965 4129 1093 4196 quoniam
1110 4126 1209 4208 pratia·

177 4217 238 4250 rum
254 4195 326 4250 actio
341 4197 437 4254 slacio
451 4201 499 4268 (ab
513 4215 577 4269 ore,
594 4193 684 4248 fronte
697 4207 723 4248 el
739 4195 827 4259 vultu)
849 4196 1052 4266 proficiscatur,
1072 4195 1212 4264 scripsisse

179 4267 324 4323 existimat.
359 4259 685 4337 nigratiarurnactiotsi
707 4262 881 4334 ου’χαρισῐία]
899 4268 1005 4332 verbis,
1031 4266 1143 4336 opinor,
1172 4265 1211 4331 iit,

176 4354 234 4391 non
257 4334 335 4410 oris,
350 4336 441 4396 vuitus
457 4347 484 4391 el
499 4335 598 4390 ironiis
609 4335 759 4393 serenitate.
