2806 5014
2 336 12 391 r

197 355 244 426 ει
339 327 347 340 ’
405 349 695 439 uersroua
725 348 804 416 nu
833 348 1110 422 nousuos

199 507 320 576 mirum
340 505 594 657 peregrinantes
617 499 819 610 (ξλείείίοιιοε
837 502 898 588 (dc
917 503 969 608 λίε
990 505 1079 572 enim
1096 504 1169 608 ¹¹2¹·
1190 503 1328 610 agitur,

199 593 243 662 cit
262 594 337 670 ταῖς
354 615 413 679 xpe
430 614 486 668 αις
501 611 593 655 των
622 610 753 674 αγιιιιν
782 595 1035 678 κοινωνουντες)
1059 594 1203 676 henigne
1226 613 1312 659 excr-

199 678 322 830 piatis,
348 684 510 744 sectantes
532 675 558 744 i.
571 699 603 745 ε.
624 672 852 761 hospitalitati
873 674 1046 744 studentes
1068 678 1132 762 (cl.
1146 676 1246 746 Rom.
1260 677 1313 758 14,

226 767 292 850 9.).
336 762 427 828 Male
442 761 676 828 Theodoretas:
697 757 827 837 Ξένους
847 755 887 826 οὐ
898 757 978 838 τούς
991 755 1107 848 ἁγίους
1119 757 1243 845 μόνους
1256 787 1313 828 κα-

2 830 4 844 ¹
100 855 103 863 “
201 851 271 926 λεί,
294 843 380 914 ἀλλὰ
394 848 452 913 καί
467 841 550 923 τούς
565 839 734 931 ἑτέρωθεν
747 843 808 925 μὲν
822 845 934 914 ποθὲν
955 841 1160 934 ἀφιγμένους
1170 894 1181 926 ,
1202 852 1314 934 θερα-

192 933 303 1011 ’πείας
316 933 354 1000 di
368 927 563 1014 δεομένους,
587 921 634 996 ὧν
648 925 890 1010 ἐπιμελείσθω
909 927 1053 1002 κελεύει.
1097 933 1162 1000 Hic
1183 955 1248 1022 quo
1273 954 1314 1000 ue

201 1019 323 1088 Patres
337 1016 559 1086 ecclesiastici
580 1013 728 1099 (Chrys,
753 1014 952 1102 Thespiai,
973 1019 1069 1105 Oea,
1090 1019 1222 1106 hialim,
1243 956 1314 1085 da·
1360 1081 1363 1086 .

201 1105 284 1192 lap,
311 1103 599 1186 ambrosiaster),
634 1109 672 1164 ut
693 1100 900 1168 fructuosam
923 1103 1054 1169 scilicet
1075 1107 1315 1172 senteutiame

188 1189 315 1259 ¹veritis
329 1188 581 1276 exsculperent,
604 1184 763 1251 voeabula
778 1187 920 1253 ridicule
934 1196 1184 1261 contorserunt.
1225 1187 1262 1256 N
1263 1211 1316 1256 am

201 1277 368 1344 formulae
386 1271 446 1360 τὴν
467 1269 661 1358 φιλοξενίαν
681 1268 815 1338 διώκειν
836 1273 921 1338 hanc
942 1276 1142 1342 sententiam
1164 1273 1316 1365 suhjace-

201 1369 297 1430 runt:
319 1356 578 1444 hospitalitatem
590 1357 712 1422 sectari
726 1355 751 1424 i.
767 1379 798 1427 e.
812 1358 977 1447 hospitem
991 1359 1316 1430 AbrahamiGenes.

202 1447 256 1534 18,
272 1449 294 1512 2
309 1467 362 1547 sq.
377 1450 411 1510 et
423 1443 503 1508 Loti
520 1443 644 1510 Genea.
662 1443 744 1522 19,1
761 1464 815 1532 sq.
829 1447 979 1534 exemplo
991 1449 1168 1536 persequi,
1191 1455 1229 1513 ut
1240 1469 1314 1513 eum

201 1534 238 1612 in
253 1529 434 1682 hospitium
451 1527 572 1594 invites
586 1530 670 1612 (hem
682 1527 873 1610 &alfaranae
894 1533 1162 1620 natitantem).
1187 1532 1316 1615 aime:

54 1639 57 1650 ¹
127 1623 131 1627 ’
201 1617 261 1706 τὴν
276 1639 317 1704 φι
342 1612 470 1690 οξενίαν
487 1608 680 1718 διώκοντες]
705 1608 766 1677 οὐκ
787 1604 880 1681 εἶπεν
900 1611 1202 1724 ἐργαζόμενοι,
1229 1612 1374 1684 atta*

203 1693 647 1808 ὐεώκονὶτειςζπογίδεύων
660 1698 747 1803 pppis
760 1694 809 1804 γὴ
833 1693 1008 1805 donassem
1026 1699 1316 1811 τούςγίεομένοοςζ

202 1810 288 1853 “⁰²⁸
301 1781 953 1947 iiiiii.‘iiiii’s“ic5⁶iiti{
966 1784 1318 1956 ittttitttttt

201 1895 315 2023 idida
336 1939 555 2044 hospitalitas
576 1974 678 2041 quum
695 1914 900 2022 Christianis
921 1897 1113 2042 (Hebrah3,
1127 1961 1161 2028 2.
1187 1897 1318 2027 trin.

201 2043 236 2127 4,
249 2045 303 2126 9.)
318 2048 388 2108 turn
401 2039 624 2131 episcopistl
639 2025 732 2123 din.
745 2039 778 2123 5,
792 2045 846 2108 lo.
860 2041 934 2112 Tit.
950 2046 982 2126 1,
994 2045 1049 2130 8.)
1063 2046 1097 2111 in
1113 2043 1213 2134 Ν.Τ.
1230 2067 1319 2112 com-

202 2128 393 2196 mendatur.
434 2124 524 2191 Nam
539 2145 741 2213 superquam
756 2126 845 2222 quod
861 2128 1110 2217 hospitalitate,
1139 2132 1207 2219 quia
1220 2131 1330 2220 Chri-¹

201 2214 305 2283 atiani
319 2209 704 2281 Christianeshenevcle
719 2213 927 2300 exciperent,
953 2235 1051 2302 quam
1073 2225 1187 2281 essent
1210 2209 1319 2306 prid-7

204 2300 485 2384 ditantium.)
505 2295 710 2375 docuerunt,
731 2297 809 2362 fieri
824 2319 888 2364 non
903 2300 1032 2384 potuit,
1061 2301 1142 2387 quin
1165 2303 1320 2389 hospita·
1386 2305 1389 2310 '

5 2433 18 2474 4
147 2443 154 2448 .
202 2385 314 2450 litatis
337 2385 424 2448 tama
445 2382 607 2448 ecclesiae
630 2380 750 2450 christ.
771 2383 952 2448 honorifica
975 2394 1067 2451 essct
1086 2395 1121 2451 et
1133 2388 1319 2474 hospitalia

202 2469 279 2562 jura
302 2468 458 2556 inopibus
478 2466 652 2550 magistris
670 2467 833 2554 aliisque,
858 2470 915 2557 qui
935 2468 1064 2538 Christi
1086 2493 1220 2538 causam
1241 2495 1321 2560 pro-

205 2553 328 2622 moturi
342 2555 463 2619 itinera
481 2551 730 2639 suscepissent,
751 2554 894 2640 henigne
914 2558 1067 2645 praebita
1091 2559 1140 2624 rei
1160 2557 1321 2624 christia·

1 2659 3 2669 ¹
118 2709 120 2716 .
204 2636 685 2788 naeadmodumprodcssent.

292 2724 338 2794 V.
360 2726 415 2792 14.
491 2743 554 2788 ona
575 2722 758 2807 precamini
780 2723 838 2811 iis,
877 2726 934 2812 qai
954 2748 1008 2793 cos
1036 2723 1321 2796 insectantur:

206 2810 309 2897 bona,
330 2811 479 2960 inspaam,
501 2808 700 2893 precamini,
729 2817 830 2895 aeque
850 2811 942 2878 mala
960 2813 1198 2896 imprecamini.
1249 2813 1321 2880 Ex·

205 2897 355 2962 citerani
394 2915 432 2960 oc
447 2900 662 2982 pracceptum
681 2893 714 2956 in
731 2890 830 2961 Pauli
845 2907 955 2962 mento
974 2899 1075 2962 verha
1097 2898 1158 2984 τὴν
1178 2899 1320 2984 aricie-

205 2979 280 3046 νίοιν
305 2977 540 3055 desiccatae
561 2998 593 3046 v.
610 2978 663 3046 13.
686 2979 841 3064 (aeson).
878 2980 1124 3066 Postulatum,
1159 3007 1226 3070 quo
1248 2987 1319 3073 Ap.

207 3067 377 3132 Romanos
395 3063 661 3153 hospitalitatem
682 3067 805 3132 sectam
825 3067 999 3155 (διώκειν)
1014 3069 1139 3157 jussit,
1162 3071 1262 3151 iecit,
1283 3078 1320 3136 ut

207 3153 310 3218 oflicii
327 3152 370 3236 iis
385 3149 579 3240 praestandi
600 3149 852 3233 recordaretur,
882 3154 939 3241 qui
960 3155 1039 3220 illos
1064 3157 1323 3223 insectarentur

83 3310 88 3322 ⁸
206 3235 393 3323 (εὐλογεῖτε
407 3233 488 3315 τούς
510 3230 748 3315 διώκοντας
769 3229 858 3320 ὑμᾶς
877 3241 920 3306 ci.
936 3238 1191 3326 Mattn.5,11.).
1228 3237 1320 3308 Paa-

165 3366 178 3381 .
205 3323 276 3387 lum
301 3327 512 3410 pracceptum
536 3319 597 3384 hoo
617 3341 716 3387 versu
739 3325 946 3389 enuntiatum
966 3325 1123 3396 eMatth.
1137 3327 1170 3408 5,
1187 3325 1245 3395 44.
1263 3333 1321 3392 aut

207 3406 301 3472 Luca
315 3410 348 3489 6,
362 3405 418 3475 28.
432 3406 587 3470 hausisse
596 3405 733 3473 dieiohio
747 3428 812 3473 non
831 3411 1054 3481 concedimus.
1094 3410 1210 3478 Primo
1231 3414 1320 3478 enim

210 3491 310 3559 Pauli
326 3491 425 3557 verba
442 3513 514 3556 cum
529 3489 659 3559 Christi
677 3493 789 3557 verbis
811 3515 875 3561 non
897 3503 1096 3578 congruunt.
1140 3497 1322 3584 Evangeli-

77 3613 84 3626 ι
209 3587 282 3644 stac
298 3576 413 3647 Iesum
432 3577 512 3641 haec
532 3575 695 3641 dicentem
722 3578 869 3648 iaciunt:
899 3577 1064 3665 εὐλογεῖτε
1083 3581 1163 3661 τούς
1184 3606 1321 3649 κατο-

208 3686 297 3751 ριομ
308 3661 428 3739 ἑνους
446 3655 547 3745 ipsis:
570 3658 699 3728 Paulus
714 3664 840 3751 poscit,
864 3673 902 3730 ut
915 3665 1057 3733 Romani
1070 3667 1322 3737 insectatoribus

208 3750 283 3815 suis
305 3748 391 3814 hona
409 3755 589 3836 precentur
617 3741 809 3835 (εὐλογεῖτε
830 3751 909 3828 τοὺς
938 3747 1173 3830 dedicatae
1200 3750 1320 3837 ὑμᾶς).

206 3833 342 3902 Deinde
357 3830 456 3900 Pauli
470 3831 662 3900 adhortatio
675 3833 839 3923 ejusmodi
854 3845 922 3919 est,
944 3838 1071 3927 atejus
1086 3840 1322 3906 necessitatem

208 3943 274 3987 non
289 3921 397 3985 solum
413 3918 471 4006 qui
484 3918 655 4026 evangelia
677 3926 792 4000 nostra
814 3923 980 4007 legissent
1000 3934 1059 3991 aut
1079 3923 1195 3994 Iesum
1217 3921 1321 3992 εὐλο·

207 4012 295 4092 γεῖτε
309 4005 389 4083 τούς
401 4025 657 4090 κατορωμενους
669 3998 757 4086 ’ὑμᾶς
771 4008 953 4095 aliquando
970 4009 1104 4078 effatum
1126 4033 1201 4076 csse
1224 4011 1321 4077 audi-

149 4097 153 4106 '
193 4092 353 4172 sissent,
392 4089 572 4156 sedetiam
595 4091 785 4195 qpicunqae
806 4094 1001 4180 primarium
1026 4118 1100 4162 esse
1121 4087 1322 4202 disciplinae

208 4174 328 4242 christ.
346 4186 577 4263 praeceptum:
609 4171 799 4262 αγαπήσεις
815 4177 873 4244 τὸν
893 4177 1039 4266 πλησίον
1052 4203 1114 4248 σου
1134 4206 1177 4258 ως
1198 4179 1322 4249 aaronis
1361 4195 1363 4203 ⁴

149 4264 156 4284 ⁵
208 4259 350 4346 (Maron.
364 4262 419 4341 22,
433 4262 488 4328 39.
501 4263 573 4348 sq.)
593 4262 845 4348 cognovissent,
876 4267 963 4354 quod
979 4264 1120 4333 Paulum
1140 4277 1232 4333 certe
1256 4291 1324 4335 aaa

206 4347 386 4437 praeteriit
407 4347 470 4432 (cl.
485 4367 534 4416 rs.
549 4348 582 4416 9.
604 4346 716 4431 lCcr.
737 4351 875 4436 ο.13.),
909 4341 1109 4439 intelligere
1129 4353 1338 4424 debuerint·
