2776 5018
159 387 226 456 210
359 371 769 455 urlsrota'au
808 377 1081 448 Romanos

159 537 345 621 habeatur,
365 544 520 608 matrem.
540 574 581 588 -
622 536 743 602 Multis
771 535 872 600 rebus
899 515 1037 601 δύναισῖ
1063 539 1097 601 et
1117 525 1278 600 ἀδύνατοι

159 647 236 692 csse
251 645 451 714 possumus,
473 634 511 690 ut
523 619 672 712 χρήμασι
695 621 851 708 'l'bucyd
865 625 895 700 l,
914 621 984 700 13..
1008 627 1046 686 ut
1059 621 1130 696 τοῖς
1144 616 1279 700 σώμασι

49 737 63 798 j
162 713 221 778 καὶ
234 714 309 787 ταῖς
330 714 456 796 ψυχαῖς
478 711 567 776 Xon.
585 709 686 777 Mem.
702 711 735 792 2,
748 711 783 789 ·1,
799 710 871 774 19..
915 704 963 775 ll.
976 707 1001 771 l.
1020 705 1099 781 τοὺς
1118 703 1279 780 δυνασσδς

136 810 138 818 ’
160 794 296 878 α1σσὺς
315 792 501 874 ἀδυνάτους
525 795 592 861 dici
612 791 654 881 τῆ
673 790 806 870 uiolae,
840 791 959 856 mentia
977 790 1142 868 sententiat
1163 789 1278 856 firmos

46 872 48 886 '
158 892 195 948 et
215 879 368 948 infirmos
387 902 406 946 e
426 878 527 949 l'auli
548 861 778 968 dispbtatione
799 876 1004 962 intelligitur
1017 877 1080 960 (cl.
1098 876 1152 954 11,
1167 875 1223 943 22.
1246 881 1280 940 et

160 971 262 1051 14,1.
284 967 350 1031 τὸν
371 967 410 1034 δὲ
430 963 706 1033 duarenus-co
722 967 771 1054 τῇ
783 952 933 1030 νιὶίσσιι
946 955 1279 1046 σρσζλαμβάνὲσδι).

159 1053 249 1122 Sunt
261 1051 377 1138 'igitur
391 1051 438 1116 *ccl
453 1046 677 1140 dedendusne
688 1059 756 1118 τάν
769 1043 944 1116 ἀδυνάτων
966 1049 1074 1126 falsae
1095 1047 1280 1112 imbecillo-

159 1159 235 1208 rum
246 1139 418 1214 bominum
431 1138 610 1226 opiniones
630 1136 787 1202 ementis
806 1133 1000 1203 infirmitate
1018 1130 1195 1219 'animique
1218 1133 1279 1198 tlu-

161 1387 261 1463 oilmo
279 1394 343 1481 γὰρ
358 1389 527 1460 sadracas
541 1401 575 1460 et
588 1415 708 1463 marsus
721 1403 801 1482 post
816 1389 891 1468 ἀλλ’,
904 1388 982 1456 odes
996 1385 1050 1456 ἔτί
1061 1408 1120 1455 νυν
1131 1388 1280 1456 δύνασδι

149 1503 202 1548 ex
218 1489 297 1546 anto
313 1481 414 1546 dictis
429 1485 540 1546 mente
554 1480 694 1546 codidie
704 1477 836 1546 tector
849 1475 982 1563 βρῶμα.
1025 1473 1105 1540 Non
1120 1475 1282 1558 cogitavit

160 1568 298 1653 Graccis
320 1561 514 1647 δύναμαι
535 1564 914 1656 ραιιίιιιάδιιιινσΙσισ,
927 1559 1024 1648 ψισδ
1047 1561 1189 1637 δυνατός
1209 1558 1281 1637 siue

160 1651 296 1824 ¹gislan.
312 1650 469 1734 10,13.),
493 1673 592 1739 quam
606 1652 774 1718 notionem
792 1653 863 1738 Ap.
880 1645 1061 1735 aliquando
1078 1647 1120 1730 (2
1133 1647 1213 1714 (lor.
1230 1647 1281 1728 13,

228 1737 734 1806 1111ιοδιινασέαι1111111111.1
758 1735 847 1802 Hinc
868 1740 1023 1822 potentes
1044 1732 1149 1799 viri-a
1173 1734 1280 1798 Grae·
1382 1805 1383 1810 ἵ

159 1825 211 1890 cis
227 1818 262 1888 oi
277 1817 455 1904 δυνάμενοι
469 1822 682 1890 vocati'sunt.
724 1822 829 1890 Recte
842 1843 879 1886 ss
896 1817 936 1887 P.
951 1819 1058 1884 llrmis
1076 1815 1280 1886 Christianis
1367 1811 1383 1846 '⁴

161 1907 394 1974 annumeravit
422 1901 561 1992 (ἡμεῖς
581 1907 622 1975 oi'
640 1910 815 1992 δυναισὶ);
851 1906 971 1985 nf.14,
998 1903 1051 1971 11,
1072 1906 1148 1973 20..
1195 1903 1279 1972 Nam

160 1995 275 2062 nullus
290 1995 483 2084 Apostolus
494 2015 569 2060 eum
586 1995 730 2061 animoa
746 1991 987 2082 praejudicatis
1001 1989 1219 2075 opinionibus
1239 1991 1280 2056 li·

160 2082 242 2148 bero
258 2081 445 2169 superavit.
489 2077 612 2168 ltaque
634 2082 668 2146 in
691 2078 996 2146 diversissimorum
1018 2077 1187 2141 bominum
1211 2084 1281 2142 stu·

108 2167 109 2175 ’
160 2166 236 2249 dia,
268 2175 306 2231 ut
333 2166 377 2234 iis
407 2167 615 2247 consuleret,
631 2189 684 2232 se
711 2166 956 2230 transformare
979 2163 1099 2252 potuit
1116 2165 1134 2228 l
1149 2161 1229 2231 Cor.
1250 2164 1282 2244 9,

159 2253 204 2320 21
225 2273 318 2354 sqq..
371 2247 560 2332 Βασιάζιιν
582 2254 712 2341 (Apoc.
729 2253 768 2340 2,
787 2252 839 2338 2.)
862 2252 932 2338 Ap.
954 2250 1001 2314 ita
1023 2249 1218 2336 usurparit,
1246 2257 1282 2314 ut

162 2339 285 2405 Graeci
315 2332 450 2422 φέρειν’,
480 2335 624 2402 Romani
651 2337 744 2424 ferre
781 2335 829 2422 (v.
849 2358 877 2400 c.
906 2333 1049 2424 alicujus
1078 2335 1280 2423 perversita-

160 2423 254 2511 tem).
300 2421 362 2486 Est
383 2420 488 2504 igitur
501 2422 709 2488 intirmorum
723 2422 936 2486 infirmitates
950 2421 1043 2488 ferre
1064 2442 1122 2485 eas
1137 2421 1282 2528 perpeti,

161 2531 228 2574 non
251 2529 309 2572 eas
341 2507 555 2592 impugnare,
594 2509 654 2574 scd
682 2507 726 2573 iis
754 2507 943 2592 indulgere.
996 2505 1123 2572 Verbis
1152 2531 1210 2573 και
1236 2502 1280 2590 μὴ

161 2589 296 2670 ἑαυτοῖς
328 2587 483 2677 ἀρέσκειν
526 2594 642 2660 firmos
677 2595 846 2680 homines,
891 2600 927 2658 ut
965 2594 1173 2659 infirmorum
1210 2593 1280 2679 opi-

49 1280 52 1288 .
159 1224 332 1292 ctuationc
347 1230 459 1292 natae.
501 1221 669 1290 Similiter
683 1219 827 1302 δύναμαι
841 1223 866 1288 1.
881 1242 916 1308 q.
931 1215 1071 1296 δυνατός
1088 1215 1159 1300 εἶμι
1174 1216 1279 1286 lGor.
1381 1253 1383 1292 ι

158 1311 193 1388 3,
206 1311 242 1378 2.
264 1310 308 1376 ad
331 1315 471 1376 meatem
491 1309 711 1376 transfertur.
754 1305 832 1372 Non
856 1313 945 1369 recte
964 1305 1011 1370 ibi
1025 1301 1184 1404 Mcpeno
1204 1315 1280 1392 post
1349 1315 1350 1318 ’

161 2679 319 2745 uionibus
333 2675 546 2762 indulgeant,
568 2677 628 2768 σὴν
642 2677 826 2766 φιλαυτίαν
840 2700 882 2744 ex
896 2679 1018 2744 animis
1040 2700 1163 2744 eruere
1184 2700 1282 2767 opor·
1381 2699 1382 2740 ι

161 2955 255 3001 πων·
280 2929 334 3039 ligo
354 2930 536 3040 ἀρρίλσμιν
558 2937 757 3040 βασραζειν,
781 2936 952 3012 διδάσκει,
977 2959 1065 3014 πως
1087 2936 1130 3002 ἀν
1151 2933 1282 3040 γέροντα

63 2812 67 2832 ι
161 2773 256 2847 tere,
282 2764 558 2847 inhumanitatis,
580 2787 666 2854 quae
682 2765 825 2830 aliorum
842 2765 1011 2831 bominum
1034 2762 1206 2830 commoda
1231 2786 1282 2828 re·
1381 2763 1382 2778 ³

35 2868 38 2880 ·
109 2930 111 2940 Ι
162 2851 293 2954 spicere
310 2849 412 2930 nolit,
436 2849 600 2936 radicem,
615 2853 685 2956 Ap.
700 2851 862 2915 declarat.
903 2849 1197 2954 Theoplrylactust
1219 2845 1282 2915 Εἱ-

161 3019 274 3095 σοῦισ,
298 3043 352 3086 oco
378 3043 455 3086 εαν
475 3019 528 3105 μὴ
553 3020 602 3086 τὰ
624 3023 785 3087 acosma
806 3018 939 3100 μόνον
963 3023 1164 3109 ζητῶμεν.
1199 3027 1280 3084 Εαα-

161 3109 234 3182 τοῖς
247 3103 403 3193 ἀρέσκειν
425 3115 459 3172 et
472 3107 537 3172 eibi
548 3109 681 3191 placere
698 3111 751 3192 (v.
769 3107 1007 3172 Burmannum·
1020 3105 1063 3171 ad
1086 3105 1280 3173 Petronium

50 3197 52 3202 ’
162 3214 191 3258 c.
207 3193 265 3260 44.
279 3201 312 3255 et
335 3189 446 3256 Wetst.
463 3191 505 3255 ad
522 3193 555 3259 b.
572 3193 618 3278 l.)
642 3193 793 3257 homines
808 3191 967 3258 dicuntur
982 3194 1085 3258 nimio
1100 3193 1154 3257 sui
1167 3213 1280 3257 amore

47 3313 50 3320 v
162 3279 253 3366 eapti
266 3271 317 3364 (oi
334 3269 517 3354 αὐθάδεις,
543 3271 577 3342 oi
593 3275 791 3362 φίλαυτοι),
814 3279 872 3364 qui
888 3299 988 3364 quum
1011 3301 1048 3344 sc
1068 3279 1208 3366 'suisque
1229 3300 1282 3343 re·
1380 3289 1382 3318 ⁴

163 3363 226 3428 bus
241 3362 379 3426 mirilico
395 3359 605 3428 delectentur
623 3363 762 3451 superbi
778 3371 857 3428 sunt
873 3373 907 3429 et
920 3373 1119 3452 arrogantes
1143 3371 1177 3429 ct
1199 3363 1281 3428 banc

132 3457 134 3465 ’
164 3449 232 3515 sibi
253 3467 413 3514 summam
434 3447 565 3514 rivcndi
584 3451 693 3534 legem
716 3451 944 3537 scripserunt,
966 3460 1003 3516 ut
1025 3449 1178 3536 neglecti
1200 3451 1282 3516 alio·

112 3613 115 3621 ¹
165 3556 240 3601 rum
272 3535 445 3598 voluntate
468 3535 556 3621 quod
586 3534 671 3622 ipsis
700 3534 886 3602 collibitum
905 3537 1011 3604 luerit
1038 3537 1181 3619 iaciant,
1212 3537 1283 3602 suis

115 3637 117 3651 ·
164 3616 346 3688 commodis
377 3618 546 3703 serviant,
574 3621 654 3685 aliis
682 3623 865 3688 utilitatem
895 3623 1016 3690 afferre
1039 3625 1160 3693 nolint.
1211 3625 1282 3690 Ae-

166 3703 305 3856 sobplus
331 3701 502 3770 Prometh.
528 3727 558 3774 ν.
581 3707 656 3776 186.
681 3699 747 3772 οἶδ’
764 3705 818 3774 δτι
831 3705 953 3794 τραχὺς
965 3712 1023 3775 καὶ
1035 3703 1114 3794 παρ’
1131 3702 1266 3796 buccoll

163 3787 204 3858 τδ
245 3787 356 3856 ι’καισν
376 3789 459 3868 ἔχων
483 3790 600 3878 Ζεύς·1
628 3790 684 3857 lbi
699 3793 823 3860 schol:
846 3793 958 3871 ιιάντα
974 3794 1111 3868 δικαίως
1129 3787 1282 3872 σἰόμενσς

1375 3131 1382 3286 4

164 3879 277 3944 ποιεῖν
300 3870 432 3951 ababa
454 3869 592 3965 ἑαυτῷ
615 3875 805 3962 ἀρέσκων
827 3880 1040 3950 cecidissetve
1062 3869 1281 3960 νομίζωνεῖ-
1381 3903 1382 3906 ’

166 3984 222 4028 ναι
238 3957 325 4046 ὅπερ
342 3953 382 4023 ἀν
392 3957 559 4048 βούληται
574 3962 746 4048 πράσσειν.
790 3963 931 4031 Terent.
946 3963 1085 4031 Probita
1103 3961 1281 4028 Heauton-

165 4046 393 4114 111111.ν.’51.
437 4045 631 4136 Exemplum
648 4051 788 4114 statuite
805 4051 837 4114 iu
855 4072 923 4131 nro,
945 4061 983 4116 ut
996 4049 1239 4116 adolescentuli
1260 4051 1265 4134 Ι

166 4134 262 4200 vobis
276 4132 409 4234 placere
427 4132 584 4200 studeant
605 4137 735 4222 potius,
756 4157 853 4224 ριιαιιι
874 4137 946 4204 sibi.
993 4137 1117 4202 Aliena
1140 4135 1280 4215 Wctste-
1379 4167 1381 4182 ι

166 4221 241 4286 ιιιίισ
269 4217 468 4302 immiscuit,
498 4241 527 4286 u.
551 4243 581 4288 c.
610 4218 765 4300 ἀρέσκειν
793 4215 902 4309 ἓαυιρῑ
929 4245 965 4288 se
992 4229 1175 4289 contentum
1206 4245 1282 4285 esse.

168 4303 259 4373 Plat.
276 4301 416 4407 Protag.
439 4323 467 4372 e.
486 4308 543 4375 64.
563 4327 597 4392 p.
611 4307 685 4374 335.
701 4329 734 4374 a.
756 4345 798 4355 -
819 4307 921 4392 ἔγνων
936 4304 1000 4396 γὰρ
1015 4302 1069 4373 ὅτι
1086 4304 1146 4374 οὐκ
1164 4306 1282 4392 ἤρεσεν

42 4413 45 4420 ’
168 4385 373 4477 αάσδςαὺτφ
397 4393 472 4468 ταῖς
489 4384 694 4476 ἀποκρίσεσι
711 4395 786 4468 ταῖς
804 4393 1005 4479 ἔμπροσθεν
1026 4433 1078 4459 -.
1119 4391 1209 4478 (Cic.
1230 4391 1281 4456 De

4 4505 5 4570 ρ
50 4519 53 4528 ‚
168 4475 399 4559 oratorem,
417 4478 470 4546 lt.
497 4475 587 4564 *ligo
602 4477 915 4566 onim-nunquam
932 4479 1012 4547 mibi
1029 4479 1159 4562 minus,
1182 4497 1279 4567 quam
