2806 5014
164 441 234 510 aas
359 423 770 506 crlsronnnu.
802 375 1077 492 nou'nuos

167 605 203 664 et
216 589 329 660 πίστιν
344 589 412 674 ἐχιι
424 587 500 656 coi
514 584 632 672 φαγεῖν
644 573 754 646 πάντα
767 579 846 660 Act.
861 579 913 652 14,
920 579 955 646 9.
976 561 1271 660 scriberepotnisae
1326 595 1330 602 ·

169 683 253 766 soll:
266 681 321 745 bic
331 676 490 762 fiduciam
501 671 646 754 (firmam
659 657 1270 750 montissententiam)possidetquae*
1307 647 1309 662 '

168 769 217 836 vis
239 763 421 837 comedendi
438 759 543 842 (²Wiu.
564 775 615 840 gr.
636 775 671 841 p.
692 753 798 836 295.).
846 751 942 816 [lano
960 745 1275 834 interpretationem
1333 808 1336 816 ,

81 903 85 910 -
141 883 143 887 ·
169 851 368 932 Raucelcertuc
380 855 414 913 et
426 848 449 913 d
453 845 497 910 W.
512 849 550 906 ut
564 838 797 928 simpliciorem
810 845 844 902 et
859 835 1083 902 nervosiorcm
1098 830 1153 898 illi
1172 847 1273 916 prac-
1397 892 1398 897 γ

147 960 148 970 ’
168 940 334 1004 tulerunt.
376 931 463 999 Mihi
482 928 536 993 bis
555 927 597 992 de
615 924 726 990 causis
740 943 816 989 vora
836 944 912 988 osse
932 919 1077 987 videtur.
1119 913 1272 981 Primum

84 1100 89 1120 Ι
169 1023 302 1112 quidem
325 1039 365 1086 ec
384 1010 647 1097 commendatur,
676 1008 762 1096 quod
783 1031 853 1087 eam
875 998 1275 1092 ingrcsso'eandemvim
1326 1012 1328 1021 ¹

158 1110 272 1186 ,verbo
287 1105 437 1170 πιστεύω
453 1123 483 1169 v.
496 1100 530 1166 2.
545 1097 709 1184 subjicere
722 1096 817 1174 licet,
838 1095 903 1180 qui
923 1113 955 1160 v.
974 1097 1005 1156 l.
1020 1083 1275 1156 Substantivum

168 1193 191 1282 ἡ
207 1191 322 1268 πίστις
334 1191 477 1278 positum
491 1189 555 1254 est.
591 1177 718 1249 Deinde
734 1181 765 1246 ei
778 1182 867 1246 iavet
880 1202 911 1246 v.
924 1179 979 1246 22.
992 1172 1034 1242 σύ
1048 1172 1162 1240 πίστιν
1175 1167 1275 1250 ἔχεις.

170 1281 346 1349 Postremo
369 1270 543 1364 aptissima
562 1266 653 1353 firmi
680 1275 713 1332 et
740 1263 861 1354 infirmi
882 1261 1068 1332 Christiani
1095 1253 1276 1346 oppositio,

47 1382 51 1388 ’
166 1386 271 1448 qnam
289 1383 322 1431 v.
335 1361 370 1430 2.
391 1358 512 1436 eflicit,
533 1377 610 1421 eam
631 1353 771 1418 stabilit.
812 1351 900 1417 Nam
923 1348 1009 1436 quod
1031 1345 1070 1413 P.
1089 1343 1194 1409 dixit:
1220 1339 1277 1405 bic

170 1452 338 1544 firmum
360 1445 477 1511 mentis
487 1439 649 1528 judicium
662 1439 775 1525 dubet,
803 1444 841 1501 ut
863 1434 999 1523 quaevis
1021 1431 1188 1506 comodat,
1215 1425 1276 1488 in-

167 1537 285 1624 firmus
295 1541 412 1598 contra
425 1525 585 1594 olusculis
598 1525 761 1600 vescitur,
788 1521 832 1587 ad
846 1523 929 1588 banc
950 1519 1149 1588 sententiam
1168 1508 1278 1577 redit:

171 1624 243 1703 bie,
265 1617 419 1706 quoniam
431 1615 549 1698 firmus
560 1618 628 1695 est,
643 1607 851 1698 quibuslibet
862 1608 1024 1688 vescitur,
1035 1603 1184 1686 infirmus
1197 1615 1277 1660 con-

170 1703 435 1788 traoleribussq
458 1699 565 1785 pascit
585 1692 637 1779 (ὃς
658 1696 735 1778 μέν,
758 1688 779 1761 d
787 1716 828 1760 τι
855 1690 1002 1760 πίστιν
1031 1685 1135 1770 ἔχει,
1163 1677 1278 1748 πάντα

58 1847 59 1850 ,
109 1790 113 1801 ’
172 1787 303 1867 ἐσθίει,
318 1783 337 1876 ὃ
352 1789 389 1853 di
402 1781 556 1862 ἀσθενῶν
570 1782 696 1863 λάχανα
711 1778 860 1860 ἐσθίει).
901 1775 1027 1864 πάντα]
1050 1772 1191 1882 quaevis,
1208 1785 1277 1832 non

138 1920 142 1935 ι
170 1879 278 1946 solum
292 1872 426 1939 telluris
438 1871 569 1955 fruges,
591 1867 652 1933 sed
668 1866 767 1933 etiam
782 1885 911 1932 carnes.
953 1861 972 1929 d
993 1863 1030 1928 δέ
1045 1858 1197 1924 ασθενῶν
1212 1853 1279 1916 λά-

158 1985 254 2046 Ιχιινσι
269 1956 395 2042 ἐσθίει]
428 1953 593 2022 Nonnulli
610 1957 660 2038 (v.
680 1951 852 2036 eliciet.)
870 1945 971 2030 μόνον
992 1947 1079 2011 male
1097 1941 1278 2030 suppleve-

171 2056 263 2116 runt.
306 2041 394 2110 Nam
411 2041 499 2129 quod
514 2037 689 2126 cogitando
706 2036 906 2104 addiderunt
918 2032 993 2123 ipsa
1006 2031 1181 2100 verborum
1203 2043 1280 2110 φει-
1402 2084 1403 2109 3

171 2152 240 2238 νεῖν
254 2131 377 2209 πάντα
390 2152 423 2210 et
437 2128 581 2226 λάχανα
601 2138 731 2206 ἐσθίειν
749 2127 1025 2227 (quibuslibet
1048 2131 1152 2200 cibis
1171 2126 1221 2193 uti
1242 2129 1280 2188 et
1402 2140 1403 2153 ¹

130 2305 132 2314 ,
173 2232 357 2302 oleribus
377 2229 473 2308 cccci)
486 2227 681 2312 oppositione
694 2227 964 2313 comprehensum
988 2227 1052 2287 est.
1096 2214 1281 2304 Quaenam

172 2319 298 2403 magis,
332 2335 481 2403 quamv.
502 2314 576 2392 21.‚
611 2311 796 2377 imbecillos
820 2313 987 2377 Romanos
1007 2327 1045 2370 se
1065 2303 1107 2369 ab
1133 2297 1283 2367 omuibus

150 2423 298 2484 vsemper
311 2400 466 2486 carnibus
482 2397 685 2463 abstinuisse
701 2395 918 2464 demonstrat.
960 2392 1029 2480 Qui
1049 2411 1108 2456 eos
1127 2380 1185 2450 aut
1206 2382 1282 2448 ido-

138 2527 143 2551 ι
171 2489 303 2574 lotbyta
317 2483 542 2553 tantummodo
562 2503 628 2548 non
648 2477 820 2566 attigisse,
847 2489 905 2549 aut
922 2481 1121 2566 impurorum
1143 2469 1281 2538 anima-
1402 2542 1403 2545 Ἴ

53 2575 56 2594 “
148 2575 251 2663 [ίέιινιν
265 2571 421 2638 carnibus
436 2589 600 2656 nrrnquam
617 2589 696 2633 usos
709 2569 832 2638 luisse:
855 2572 912 2632 aut
924 2587 988 2634 uon
1001 2563 1064 2628 uisi
1075 2558 1172 2627 stalis
1188 2561 1281 2620 tem-

110 2681 111 2684 ’
171 2659 302 2742 peribam
317 2657 359 2722 ab
372 2655 518 2722 omuibus
530 2653 684 2718 carnibus
700 2653 906 2720 abstinuisse
919 2653 1110 2717 statuerunt
1123 2637 1284 2728 (noello,
1353 2705 1356 2710 ,

173 2743 302 2827 lisicia,
324 2739 459 2828 Borper.
472 2741 550 2825 al.)‚
580 2737 678 2805 Pauli
696 2742 880 2806 sententiae
899 2737 1130 2824 repugnarunt
1148 2745 1227 2817 pers
1252 2721 1284 2806 i-

128 2890 131 2902 ,
173 2829 247 2895 cuis
274 2827 386 2895 verbis
415 2835 608 2914 expressae.
654 2821 784 2912 ἐσθίει]
814 2824 960 2892 ἐσθιέτω
989 2817 1057 2885 DJ
1083 2838 1136 2901 gr.
1159 2812 1200 2881 ll.
1240 2807 1283 2892 Ϊι,

169 2915 366 2998 ‚munducat
379 2911 481 2996 Vulg.
501 2911 616 2979 Germ.
637 2909 759 2978 Boern.
780 2918 815 2976 et
830 2907 982 2976 nonnulli
1003 2901 1075 2971 PP.
1099 2902 1172 2967 lat..
1200 2893 1283 2960 'So-

78 3051 80 3062 ,
174 2999 334 3065 mnolenti
359 2996 512 3079 librarii,
544 3016 684 3084 quorum
705 2998 825 3064 animis
844 2994 995 3086 proximo
1015 3009 1117 3058 versu
1138 2983 1285 3062 stobae-

76 3098 78 3110 ’
173 3083 297 3150 νείτω
315 3093 349 3151 ct
368 3081 523 3167 κρινέτω
544 3083 801 3166 obversabatur,
827 3079 985 3161 ἐσθιέτω
1008 3097 1070 3166 pro
1090 3066 1204 3139 ἐσθίει
1221 3079 1284 3130 cx-

174 3178 327 3240 ararunt.
375 3169 495 3257 ltaque
514 3167 613 3232 lectio
637 3165 783 3236 ἐσθιέτω
804 3168 847 3231 ab
865 3163 1017 3233 omnibus
1036 3157 1173 3238 Criticis
1192 3156 1285 3218 recte

174 3255 327 3340 neglecta
354 3261 419 3322 est.
460 3250 588 3342 ¹Nuper
612 3245 869 3336 Tiscbendcrfirlo
891 3253 930 3330 ‚in
959 3244 1187 3323 obeditione,
1215 3237 1286 3324 qua

152 3340 357 3428 ,pontificiis
382 3338 551 3420 vulgatam
578 3339 832 3404 translationem
853 3361 872 3404 e
893 3334 1022 3424 graecis
1045 3330 1142 3397 codd.
1164 3343 1285 3412 graece

174 3444 304 3492 versam
308 3423 507 3530 pantocrat,
521 3415 539 3488 ὅ
553 3423 590 3489 di
605 3419 757 3511 ἐσθενῶν
770 3420 895 3506 λάχανα
910 3419 1057 3488 ἐσθιέτω
1071 3415 1175 3482 dedit.
1211 3409 1285 3475 De-

75 3558 77 3562 .
175 3511 295 3604 humbli
308 3531 325 3577 ⁰
336 3531 352 3586 ς
364 3511 401 3574 δὲ
415 3505 565 3574 anesum
579 3503 705 3588 λάχανα
720 3509 866 3578 ἐσθιέτω
879 3507 1035 3575 scribere.
1064 3501 1181 3568 Vertit
1193 3491 1282 3582 enim

176 3596 346 3680 volgata:
364 3595 419 3681 qui
431 3601 540 3670 autem
558 3593 762 3680 infirmat
783 3601 847 3660 cs't
865 3593 935 3659 olcas
956 3590 1129 3656 manducet
1151 3586 1172 3649 i.
1191 3603 1221 3643 c·
1240 3565 1282 3652 ὃς

177 3680 215 3748 δέ
229 3675 380 3746 ἀσθενῶν
395 3673 521 3757 λάχανα
536 3675 696 3756 ἐσθιέτω,
711 3681 777 3760 sic,
794 3680 880 3743 male
896 3675 1047 3827 quidem,
1065 3667 1282 3758 explicatum:

55 3832 59 3848 Ι
176 3755 478 3872 detestatorem
498 3759 590 3829 ἐστι
611 3764 651 3851 (i.
673 3786 707 3851 q.
728 3761 880 3848 ἀσθενεῖ)
922 3757 1106 3828 ,ἐσθιέτω
1149 3749 1283 3837 Nempe

175 3869 228 3956 gs.
244 3853 274 3917 l.
287 3849 344 3915 τὸν
355 3851 562 3915 ασθενσῦντσ
573 3849 721 3931 Vulgata
735 3850 900 3931 infirmum
914 3843 1073 3914 reddidit.
1103 3839 1146 3904 lit
1157 3836 1283 3913 babent

177 3956 221 4011 ος
234 3935 271 4002 di
284 3932 436 4000 ἀσθενῶν
448 3933 573 4014 λάχανα
591 3930 737 4002 ἐσθιέτω
753 3933 793 4003 ll.
810 3935 873 4016 Ga,
894 3933 1025 3999 codices
1044 3945 1116 3996 oum
1131 3923 1284 4005 Vulgata

117 4049 121 4064 ν
176 4019 407 4120 concinentes,
427 4017 528 4118 idque
543 4019 577 4119 in
593 4019 635 4087 G.
652 4020 701 4085 dic
715 4019 749 4084 in
762 4021 903 4085 latinum
916 4035 1100 4084 sermonem
1117 4007 1284 4075 transfer-

77 4278 83 4287 f
175 4102 1159 4257 ²¹¹¹·distillatliudizi:milliinn
1180 4177 1283 4247 ωε.

111 4299 118 4309 ·
175 4273 416 4377 stianillomae
430 4275 560 4355 vivant,
584 4275 641 4360 qui
654 4275 860 4361 quibuslibet
877 4211 962 4340 ollis
983 4276 1136 4348 utantur,
1163 4274 1197 4331 et
1216 4263 1284 4330 im-

175 4359 307 4446 becallr,
334 4381 392 4446 qur
406 4358 567 4426 olusculis
582 4368 767 4447 sepascant
784 4366 829 4446 (v.
849 4361 918 4446 2.),
945 4359 1025 4424 illos
1047 4357 1108 4419 bos
1128 4372 1193 4418 non
1214 4369 1284 4454 pru

140 4479 151 4494 ·-
175 4445 280 4512 nihilo
296 4443 415 4558 docere
429 4440 602 4512 utstultos
615 4453 649 4512 et
661 4447 934 4545 superstitiosos,
955 4445 1017 4511 bos
1031 4437 1110 4510 illos
1128 4458 1194 4506 non
1215 4457 1282 4524 rnr-
1311 4439 1314 4451 '
