2860 5016
201 393 246 492 ae
347 381 352 390 ·
399 337 687 460 ustor-ors
722 391 802 460 uo
835 343 1143 466 uois-auos¹
1209 460 1250 490 ,-

205 545 306 612 παντὶ
319 543 367 632 soi
389 545 459 613 dare
482 543 516 612 ἒν
537 537 612 627 ὑμῖν
633 547 778 614 neutrius
798 546 932 630 generis
953 567 1028 612 esse
1049 544 1179 634 putavit
1199 563 1304 635 eaque

205 631 324 714 rerba,
346 628 387 696 ad
402 653 486 718 quse
496 631 678 716 χαρίσματι
690 640 809 699 temere
821 633 995 715 cogitando
1009 630 1195 708 addidisset
1213 645 1305 698 arete

202 718 405 784 consociavit
422 741 493 784 oum
509 715 554 804 po)
571 713 793 804 ὑπερφρονεῖν
805 717 841 785 tr.
856 725 904 784 r.':
925 717 1017 782 edico
1030 717 1136 798 enim,
1158 739 1198 782 ne
1212 719 1305 802 douo,
1332 731 1335 748 ¹

203 804 607 892 quode'unque‘inter'vos
630 804 692 884 sit,
720 801 801 866 elati
824 803 967 892 majores
989 802 1129 890 spiritus
1151 805 1305 885 sumatis,

203 910 302 976 qaram
318 910 401 976 quos
417 909 546 952 sumere
561 888 672 968 decet,
694 886 806 951 sedeo
825 911 929 975 usque
950 889 1090 974 spiritus
1111 891 1306 970 remittatis,

201 984 239 1052 ut
257 973 447 1040 modestiam
460 973 620 1060 spiratis,
643 983 679 1037 ut
692 975 809 1074 eoique
822 973 916 1038 Deus
925 973 1004 1056 fidei
1017 991 1203 1038 mensuram
1217 975 1304 1038 divi·

10 1113 18 1122 .
203 1059 299 1126 serit.
347 1057 482 1124 Putavit
500 1059 603 1142 igitur
618 1059 672 1122 hta
694 1059 900 1126 notissimam
918 1067 1123 1142 structuram
1142 1081 1174 1128 r.
1194 1055 1304 1146 ὑπερ-

112 1191 121 1211 s·
202 1146 337 1228 φρονεῖν
358 1166 430 1209 eum
454 1145 575 1211 Dotioo
595 1144 644 1209 rei
663 1143 843 1228 (Herodot.
866 1143 896 1224 Ι,
906 1145 978 1213 109.
1006 1165 1026 1207 a
1054 1137 1301 1231 ὑπιρφρονέειν

49 1236 53 1246 “
202 1224 341 1314 πλοὺιφ
364 1227 514 1314 inpiatum
534 1249 619 1306 esse,
643 1227 808 1312 superbire
826 1229 967 1310 divitiis,
995 1226 1134 1316 Josepir.
1157 1235 1204 1296 A.
1221 1227 1257 1298 Ι.
1270 1232 1302 1310 1,
1370 1250 1373 1257 “

203 1316 295 1389 11,1.
311 1313 447 1400 πλούτῳ
464 1318 518 1376 καὶ
533 1312 669 1396 μεγέθει
683 1309 860 1399 χρημάτων
880 1307 1115 1399 ὑπερφρονεῖν)
1136 1314 1301 1384 obtinere.

200 1399 348 1466 Pisotius:
369 1397 408 1463 'ad
423 1399 580 1482 usvairpi
596 1395 667 1462 ὄντι
682 1395 716 1462 ἐν
731 1393 807 1478 ὑμῖν
820 1394 1147 1501 διαφόρωςέμφωρεῖ
1167 1399 1301 1484 ’νοηθῆ-

199 1485 271 1558 ναι,
296 1482 316 1568 ἢ
330 1477 386 1550 ὑίι
399 1482 483 1567 λέγω
497 1519 539 1530 -
553 1520 593 1532 -
608 1521 648 1530 -
663 1475 685 1566 ἢ
698 1482 782 1568 λέγω
803 1483 850 1567 μὴ
874 1487 1010 1572 φρονεῖν
1027 1485 1113 1561 ὑμᾶς
1136 1482 1178 1552 ἐν
1197 1485 1300 1548 παντὶ

196 1563 435 1649 χαρίσματι
456 1567 502 1652 τῷ
518 1565 589 1632 ὄντι
613 1565 647 1632 ἒν
667 1563 757 1648 ὑμῖν·
780 1570 904 1652 ταύτην
925 1570 988 1654 γὰρ
1008 1567 1069 1653 τήν
1091 1562 1220 1634 ἔννοιαν
1242 1567 1300 1634 καὶ

196 1653 239 1717 τὰ
253 1647 442 1736 ἐπαμόμενα
457 1652 568 1738 optat,
592 1648 625 1717 ἐν
640 1641 690 1727 οἷς
707 1673 809 1736 φησιν
830 1649 991 1739 ἑκάστῳ
1012 1647 1056 1731 ιὺς
1074 1646 1091 1716 ὑ
1112 1653 1195 1730 θεὸς
1216 1651 1299 1734 ἐμέ-

196 1757 271 1823 ρισε
290 1740 346 1802 καὶ
368 1731 511 1823 itio-
523 1775 566 1786 -
578 1774 621 1785 —
633 1774 676 1785 —
689 1737 835 1813 πίστεως
851 1739 1008 1846 ὁὲφρσιν
1015 1783 1025 1815 ,
1050 1737 1150 1823 ἤγουν
1168 1761 1245 1824 χσιρ
1254 1735 1300 1802 ι’-

182 1823 364 1899 ”σμαιος.
391 1859 437 1892 -,
466 1819 524 1908 Ιμὴ
552 1819 842 1908 ὑπερφρονεῖν
876 1845 946 1906 παρ
976 1819 994 1888 ‘d
1024 1823 1075 1888 δεῖ
1108 1825 1296 1908 φρονεῖν,
1348 1865 1355 1870 -

186 1902 282 1970 ’ἀλλὰ
312 1911 482 1990 φρονεῖν
511 1902 625 1994 εῖςιτὸ
654 1909 907 1992 σωφρονεῖν]
939 1906 1195 1989 Paronomasis,
1230 1909 1297 1994 quis

193 1988 335 2058 Paulum
352 1991 525 2056 admodum
541 1991 701 2073 delectari
716 2000 864 2072 constat3
894 1994 937 2061 ef.
953 2014 983 2059 v.
998 2015 1027 2060 ο.
1051 1997 1068 2056 l
1086 1993 1164 2061 Cor.
1181 1995 1296 2074 tuot.

191 2074 246 2142 32.
272 2077 363 2157 13,0.
386 2079 493 2156 7,31..
538 2075 627 2143 Ptat.
651 2075 777 2144 Phaed.
801 2101 830 2145 o.
849 2079 882 2142 4.
906 2117 947 2127 -
971 2079 1027 2142 καὶ
1049 2076 1168 2162 ἕμώ·ἔν
1189 2102 1224 2162 γε
1245 2077 1294 2163 τῷ

176 2157 345 2246 ’πρόσθεν
364 2165 471 2247 χρόνῳ
495 2156 582 2246 ὑπερ
605 2159 786 2246 ἔπραττον,
824 2165 923 2225 τοῦτο
946 2158 1182 2242 ὑπελάμβανον
1210 2159 1293 2227 αὑτό

188 2269 248 2329 μοι
273 2245 592 2328 πα’ρακελιὺεσοοι’
613 2271 649 2312 τε
674 2250 729 2309 καὶ
753 2245 995 2321 ἐπικελεύειν,
1027 2243 1145 2330 ιὺσπερ
1166 2241 1199 2312 oi
1221 2251 1293 2324 τοῖς

189 2333 309 2396 θέουσι
329 2329 626 2412 διακελευόμενοι.
671 2330 782 2416 Quum
799 2331 916 2412 ingens
931 2332 1164 2396 vocabulorum
1180 2351 1199 2395 a
1214 2351 1293 2398 roeo

190 2418 278 2502 φρήν
301 2415 523 2480 derivatorum
545 2437 703 2498 'numerus
725 2415 787 2496 sit,
812 2414 897 2479 haud
922 2437 999 2479 raro
1021 2417 1063 2479 iis
1085 2418 1292 2504 parisourata

188 2503 363 2566 oGraeeis
386 2503 471 2566 taeta
495 2516 589 2576 sunt,
613 2523 751 2587 quorum
776 2502 934 2564 nonnulla
955 2503 1070 2566 attolit
1092 2500 1292 2589 Wetsteaius,

187 2606 218 2651 r.
231 2585 378 2656 o.Thuo.
394 2589 427 2671 2,
435 2588 545 2653 62.·-
557 2577 694 2652 ῖέναιὺὲ
706 2587 777 2661 τοῖς
790 2584 925 2670 ἐχθροῖς
941 2581 1045 2668 ὑμόσε
1060 2587 1106 2672 μὴ
1124 2608 1178 2672 φρ
1189 2583 1292 2674 orri-

185 2674 423 2752 μοιτιμόνον,
455 2671 616 2736 ἀλλὰκαὶ
639 2667 1002 2777 καταφρονήματι.
1046 2671 1289 2740 Eur.Herael.
1339 2716 1343 2730 .

184 2757 260 2822 386.
276 2751 293 2820 ὑ
308 2756 370 2839 γὰρ
386 2754 568 2840 στρατηγὸς
583 2752 766 2837 εὑτνχὴςτα
776 2746 1092 2846 πρόσθενοῖνιεῖσιν,
1110 2748 1287 2841 σάφόῖδα,

62 2863 65 2871 ·
94 2862 99 2866 ·
184 2838 385 2922 καὶιιοῖῖ’”οὑ
407 2837 546 2924 σμικρόν
567 2843 706 2924 φρονεῖ
716 2864 749 2917 ν,
770 2842 775 2923 Ι
795 2841 830 2915 ἐς
848 2840 907 2915 τὰς
926 2837 1085 2926 Ἀθήνας·
1117 2839 1288 2906 ἀλλὰτιῖν

183 2925 463 3011 φρονημάτων
482 2932 486 3004 Ι
506 2915 976 3010 ὑΖιὺςιισλαστῆςτιὺνῖὺγαν
996 2919 1287 3010 ὑπερφρὺνων.

184 3009 378 3076 Charondas
391 3007 478 3096 apud
496 3009 674 3076 Stobaoum
683 3009 727 3076 Τ.
743 3013 796 3074 tt.
814 3007 1070 3096 [42.]·'V01.tt,‘
1089 3033 1122 3098 p.
1135 3013 1211 3078 220.
1231 3011 1287 3080 ed.

181 3091 292 3180 Gaiss‘.
307 3131 348 3146 -
365 3095 624 3178 προςποιεῖσθω
642 3097 679 3162 δὲ
692 3093 840 3168 ἕκαστος’
852 3096 919 3160 τοῖν
940 3095 1089 3160 πολιτῶν
1110 3117 1286 3182 σωφρο*

97 3187 101 3200 ’
179 3184 264 3244 νεῖν
276 3181 403 3258 μᾶλλον
418 3179 436 3262 ἢ
453 3201 506 3263 φρ
518 3176 639 3262 πνεῖν]
674 3175 915 3262 Ὑπερφρονεῖν
932 3183 965 3246 hs
977 3183 1002 3247 l.
1017 3180 1170 3264 majores,
1186 3201 1285 3266 φιιιιιιι

130 3289 139 3302 ε
175 3283 241 3349 μοι·
254 3273 313 3344 est,
329 3261 607 3347 spiritualissime,
622 3263 787 3345 superbire
803 3271 896 3327 notat
910 3267 968 3347 (oi.
985 3269 1104 3351 supra)
1116 3268 1157 3328 ab
1172 3260 1283 3352 ὑπὲρ·

207 3371 273 3430 ρων
287 3351 343 3414 ιιιῖ
356 3346 500 3431 majores
513 3349 650 3429 spiritus
663 3349 797 3430 etrmsit,
809 3351 992 3430 superbus,
1013 3371 1170 3434 orropoae
1183 3355 1196 3434 (
1202 3351 1283 3420 Eur.

213 3373 311 3502 erari.
326 3432 418 3516 389.)
434 3432 470 3518 *i
514 3429 640 3501 Verbis
654 3427 735 3520 παρ’
753 3425 771 3498 ὑ
788 3433 837 3496 δεῖ
859 3438 993 3520 φρονεῖν
1013 3436 1147 3501 verbum
1169 3432 1282 3525 ὑπερ·-

170 3559 280 3572 Μ--α
285 3563 388 3572 -ι-οοι-

241 3615 307 3668 bum
323 3611 398 3680 fieri,
413 3613 459 3684 qui
475 3610 561 3684 quum
571 3625 632 3666 ante
644 3611 839 3683 nonsoerint,
858 3631 932 3668 nune
945 3633 1004 3668 esse
1017 3627 1176 3687 coeperunt.
1201 3616 1278 3670 Deus

242 3684 331 3748 enim,
355 3695 385 3734 ut
398 3685 469 3735 idem
485 3685 627 3754 apostolus
644 3683 680 3738 ait
703 3683 796 3748 [Rom.
812 3685 838 3750 4,
853 3685 923 3753 121,
946 3696 1027 3738 uorat
1046 3705 1116 3754 quoe
1136 3703 1193 3740 non
1211 3695 1280 3740 sunt

241 3760 379 3818 tanquam
393 3771 466 3819 quoe
477 3761 556 3806 suut.
592 3751 657 3805 Non
670 3764 735 3804 sunt
748 3751 837 3806 autern
858 3753 883 3806 ti
905 3754 951 3821 qui
975 3757 1116 3825 participes
1139 3757 1280 3824 nonflsunt'

239 3818 300 3882 ejus
317 3823 367 3887 qui
382 3839 444 3873 uere
465 3833 520 3892 ιιι,
545 3821 591 3892 qui
612 3821 676 3873 dixit
694 3823 725 3874 ad
746 3823 863 3891 Moysen
884 3823 980 3890 [Exod.
1000 3825 1026 3890 3,
1037 3828 1110 3888 141:
1143 3827 1188 3876 die
1203 3825 1278 3892 filiis

197 3895 208 3906 “
236 3888 344 3950 Ιιτπιιε
373 3891 437 3958 oui
455 3902 510 3944 est
535 3893 610 3941 πιίείι
628 3909 674 3942 me
693 3896 732 3942 ad
752 3910 810 3947 vos.
853 3892 937 3959 Quod
958 3911 1022 3962 ergo
1040 3893 1077 3946 ait
1099 3892 1198 3947 Paulos
1217 3896 1278 3947 dieo
1335 3949 1338 3958 ι

237 3959 313 4008 enim
328 3986 359 3999 -·
378 3987 408 3998 ·-
423 3988 500 4002 —-
523 3963 604 4026 omni
621 3962 671 4028 qui
687 3970 729 4012 est
751 3965 780 4012 ιἰι
801 3963 877 4012 vobis
898 3963 985 4014 simile
1006 3972 1045 4014 est
1066 3981 1101 4018 ac
1117 3965 1137 4015 si
1157 3963 1277 4014 dicerets

237 4026 298 4078 dieo
313 4027 385 4080 enim
398 4032 477 4080 omni
497 4030 608 4098 quiin
628 4029 705 4081 Deo
725 4041 779 4081 est
799 4048 855 4080 uon
871 4030 932 4096 pios
952 4051 1047 4102 sapere
1065 4050 1146 4104 quam
1167 4038 1278 4100 oportet

234 4095 357 4161 sapere.''
391 4095 529 4152 Persuasit
544 4097 626 4166 igitur
637 4098 687 4148 sibi
700 4098 783 4150 homo
804 4097 933 4151 ridieuius
946 4099 1075 4154 τὺνὸντα
1096 4099 1138 4152 hic
1157 4099 1210 4150 diei
1234 4098 1275 4170 τρῐ

231 4158 292 4217 ὄντι
304 4162 330 4220 h.
344 4184 368 4222 e.
381 4163 460 4228 Deo,
480 4168 529 4236 qui
539 4170 577 4218 sit
589 4175 617 4217 et
632 4168 707 4218 vivut
724 4166 820 4232 (Exod.
834 4167 857 4229 3,
868 4169 920 4233 tt.)
936 4171 1093 4220 addietum!

171 4297 175 4306 ,
196 4239 227 4311 *)
244 4244 319 4298 Male
335 4247 511 4308 Wetst'enius
524 4249 554 4302 h.
570 4247 588 4300 l.
599 4247 716 4298 contulit
729 4257 890 4302 structuram
906 4245 1096 4320 ὑπερφρονεῖν
1109 4268 1182 4308 τινος
1198 4249 1273 4314 (Ari.

187 4370 189 4378 ,
228 4314 316 4385 stoph.
331 4315 404 4370 Nob.
421 4317 498 4372 1400.
511 4320 570 4373 τοῖν
581 4313 764 4373 καθεστώτων
777 4317 874 4384 νόμων
888 4315 1093 4390 ὑπερφρονεῖν)
1108 4331 1131 4370 ει
1154 4337 1179 4370 ιι
1194 4315 1275 4382 (Ari-

219 4384 306 4455 stoph.
315 4383 395 4448 rNub.
407 4387 467 4443 226.
478 4385 547 4456 'rods
559 4385 646 4454 ttotr'e¹
656 4381 858 4458 ὑπερφρονεῖν)
874 4400 1052 4442 contentam
1066 4391 1175 4456 aliquid
1199 4387 1274 4449 (oli-
