2776 5018
361 311 525 440 cnr.
552 367 636 457 xv.
680 369 746 440 vs.
769 367 940 442 ιιι-ει.
1147 371 1214 442 ιιι

117 527 150 610 1,
164 528 219 595 23.
237 529 280 580 -'-
302 548 367 611 non
388 526 548 598 simulare
561 530 699 592 mortem
712 524 817 590 cerdis
857 544 894 592 re
911 524 987 603 ι’ριδ
1008 547 1100 616 spem
1123 530 1213 604 vitae

115 617 218 696 dare,
240 615 296 678 uhi
320 637 349 681 v.
371 613 585 700 interpretes.
633 608 751 695 Λόγος
773 611 806 676 h.
835 608 899 674 .ad
922 609 1065 678 divinam
1087 617 1214 686 doctri.

115 721 202 800 narn·
212 700 377 787 pertinet,
404 696 680 784 quemchristus
711 693 814 760 Paulo
842 695 1087 782 suppeditavit,
1115 699 1214 792 ἔργον

7 825 8 830 1
33 867 38 874 Δ
114 806 222 849 omnia
237 807 274 848 ea
288 786 451 864 continet,
475 805 558 868 (μιυι
572 783 731 848 ΡιιιιΙιιιε
752 779 886 847 Christo
902 783 1154 869 corroboratus,
1176 797 1214 858 ut

113 891 261 958 paganos
285 871 326 932 ad
348 867 476 935 Christi
498 889 591 932 sacra
612 868 809 947 adduceret,
837 867 936 954 lecit,
976 865 1085 952 Quum
1109 873 1220 958 igitur,

113 975 144 1022 ν.
164 955 251 1038 λόγῳ
275 957 330 1018 καὶ
353 950 439 1040 ἔργῳ
459 953 567 1018 omnia
590 953 868 1040 complectantur,
891 972 976 1037 quae
996 955 1153 1037 Christus
1176 970 1215 1028 ut

70 1049 73 1056 '
111 1042 235 1129 pagani
255 1037 332 1104 Deo
353 1039 526 1104 obedirent
547 1059 609 1126 per
624 1035 764 1105 Paulum
784 1036 909 1115 effecit,
930 1039 1057 1108 Paulus
1076 1043 1107 1108 si
1128 1051 1214 1110 atte-

113 1134 215 1196 nuate
244 1145 425 1212 presseque
453 1123 564 1190 dicere
595 1123 775 1204 volrrisset,
812 1122 923 1187 verbis
951 1122 1040 1211 λόγῳ
1070 1129 1127 1194 roi
1152 1126 1213 1215 ἔρ-

112 1233 161 1296 γῳ
187 1219 373 1274 contentus·
392 1209 524 1277 luisset.
579 1210 629 1280 At
659 1229 758 1295 ιγιιιιιιι
794 1227 903 1272 rerum
930 1228 948 1271 ιι
978 1211 1117 1280 Christo
1152 1236 1215 1302 por

112 1318 151 1360 se
172 1295 205 1360 in
232 1297 407 1378 gentilium
437 1296 581 1360 salutem
618 1295 838 1381 perfectarum
875 1294 1074 1376 cogitatione
1104 1302 1213 1368 neimo

111 1389 295 1448 commotus
318 1385 428 1461 esset,
462 1381 645 1444 orationem
673 1377 889 1466 amplificavit
909 1399 1032 1467 easque
1058 1403 1112 1449 res
1137 1389 1213 1451 sin-

109 1456 252 1548 gulatim
279 1466 563 1545 commemoravit,
603 1485 688 1552 quae
714 1465 894 1552 plurimum
922 1471 1133 1552 possuntad
1154 1473 1213 1538 lad-
1244 1545 1246 1551 ,

111 1552 219 1617 mines
234 1551 276 1616 ad
287 1552 418 1618 Christi
431 1573 526 1617 sacre
541 1549 730 1616 invitandos
749 1571 872 1636 eosque
886 1549 919 1612 in
934 1550 1083 1618 doctrinis
1095 1557 1215 1628 christ.

111 1637 604 1724 confirmandosxmiracnlorum
618 1645 651 1700 et
663 1633 1091 1722 spirituaselficacitate'm.
1108 1638 1214 1728 'Quod
1235 1665 1238 1672 ‘

111 1723 144 1788 si
157 1723 358 1810 interpretes
375 1722 553 1801 vidissent,
575 1721 685 1785 verbis
703 1719 738 1786 ἐν
755 1721 892 1800 δυνάμει
912 1721 1059 1806 σημείων
1077 1731 1135 1792 κου’
1154 1752 1215 1794 τε-

110 1807 240 1909 ράτων,
263 1806 298 1873 ἐν
312 1801 650 1909 δυνάμειοττνεύμοτσς
665 1805 750 1871 θεοῦ
766 1805 925 1871 vocabula
944 1807 1032 1910 λάγῳ
1051 1813 1108 1875 καὶ
1126 1807 1214 1916 ξ’ργῳ

109 1892 565 2058 ttttttttttllltla
585 1893 726 2060 „litte
742 1891 918 2042 l‘tllntl
935 1892 1216 2069 lttlttlttlt
1289 1955 1291 1970 ¹

112 2061 221 2142 μείων
240 2065 297 2126 καὶ
316 2057 464 2144 τεράτων
484 2059 644 2148 explicari
666 2067 840 2148 putarunt.
883 2064 934 2128 At
949 2062 1052 2127 latius
1068 2077 1102 2129 et
1116 2063 1215 2152 ἔργον

113 2167 213 2294 poam
233 2149 355 2230 σημεῖα
378 2147 434 2210 καλ
453 2145 576 2230 τέρατα
598 2153 633 2211 et
650 2139 789 2226 δύναμις
801 2145 991 2226 πνεύματος
1004 2149 1092 2216 θεοῦ
1109 2173 1213 2238 ‚quam

136 2226 213 2316 όγσς
227 2237 331 2316 patet.
358 2227 606 2338 Meyerus3dW.
621 2232 666 2298 al.
681 2229 716 2296 ἐν
729 2225 866 2312 δυνάμει
881 2231 1027 2316 σιγμεὶων
1041 2238 1097 2300 καὶ
1110 2233 1214 2322 τερά,

111 2335 179 2378 των
193 2315 234 2377 ad
248 2313 334 2401 ἔργῳ
349 2323 384 2380 et
397 2313 431 2379 ἐν
446 2317 583 2400 δυνάμει
598 2315 787 2395 πνεύματος
799 2315 885 2380 θεοῦ
898 2316 939 2379 ad
957 2318 1044 2404 λόγῳ
1058 2322 1114 2386 aui
1126 2321 1225 2408 ἔργῳ·
1332 2389 1336 2398 ,

109 2400 326 2465 rettulerunt.
369 2398 544 2463 Etverum
568 2410 639 2480 eet,
662 2399 983 2485 siquonaturvlsud
997 2406 1155 2470 miracula
1179 2417 1251 2478 et.⁴
1318 2451 1321 2458 ι

108 2483 252 2572 spiritus
267 2483 374 2548 sancti
389 2483 439 2550 vis
452 2485 643 2571 pertincant
655 2483 875 2571 quaesiveris,
897 2495 1051 2574 portenta
1070 2489 1113 2554 ad
1127 2492 1216 2560 lacta

108 2566 286 2636 referenda
305 2590 381 2635 esse
402 2577 437 2633 et
454 2569 611 2657 spiritum
635 2591 662 2636 ι.
683 2577 752 2634 tum
772 2591 834 2656 per
853 2571 1039 2639 doctrinam
1059 2583 1128 2641 tum
1152 2572 1214 2666 per

108 2676 167 2720 res
181 2655 246 2720 vim
263 2675 357 2720 suam
377 2673 543 2739 exercere.
588 2658 641 2721 At
661 2674 726 2718 non
751 2664 788 2718 ut
807 2656 908 2720 verba
936 2654 1024 2744 λόγῳ
1049 2663 1106 2726 ναὶ
1124 2658 1213 2752 ἔργῳ

6 2793 7 2798 ,
42 2821 44 2828 y
108 2747 292 2829 exponeret
305 2746 535 2826 portentorum
549 2748 584 2805 et
600 2740 742 2827 spiritus
757 2761 786 2806 ι.
805 2740 872 2805 vim
886 2745 959 2832 Ap.
980 2765 1214 2816 commemora·

5 2831 7 2836 '
108 2827 178 2907 vit,
206 2824 266 2889 sed
287 2833 325 2888 ut
346 2825 456 2890 animo
474 2825 703 2890 vehementius
721 2834 885 2890 commoto
913 2829 1126 2898 satisfaceret
1152 2856 1212 2900 eas

107 2931 167 2978 res
189 2910 382 2994 singulatim
405 2910 536 2997 posuit,
562 2931 624 3000 per
646 2931 730 2996 quas
750 2908 908 2977 Christus
925 2902 1099 2998 gentilium
1120 2921 1213 2985 salu-
1243 2969 1246 2976 ,

106 3005 176 3063 tem
207 2996 434 3060 efficacissime
462 2997 701 3082 promovisset,
744 2995 785 3058 de
814 3017 854 3062 eo
889 2999 1021 3085 quidem
1058 3023 1214 3088 securus,
1267 2989 1276 3016 ⁸

48 3109 49 3114 ¹
106 3090 221 3148 utrum
247 3080 289 3146 ad
312 3075 428 3166 λόγον,
456 3099 497 3144 au
521 3080 563 3144 ad
584 3078 699 3231 ἔργον,
724 3100 766 3144 an
788 3079 830 3144 a'd
851 3090 1028 3170 utrumque
1051 3087 1213 3156 miracula

106 3176 145 3234 et
167 3165 309 3255 spiritus
330 3188 359 3234 s.
387 3166 439 3231 vis
467 3167 596 3231 releren
621 3187 640 3230 a
667 3170 795 3232 essent.
843 3165 996 3235 liciclias
1016 3174 1212 3242 vccauulmn

106 3253 207 3341 ἔργον
229 3251 339 3318 νειοῖο
366 3247 400 3315 ἕν
423 3244 560 3332 δυνάμει
582 3249 729 3338 σημείων
748 3251 804 3316 καὶ
827 3249 988 3338 τεράτων,
1019 3255 1054 3322 ἐν
1073 3261 1214 3342 δυνάμει

106 3333 300 3420 πνεύματος
322 3334 408 3402 θεοῦ
429 3333 608 3400 dilucidari
631 3335 697 3400 sini
718 3337 898 3422 persuasit.
925 3339 1059 3429 ¹Bezu,
1081 3343 1213 3417 Boedm.

106 3423 157 3491 al.
187 3423 287 3486 verba
327 3420 361 3487 ἒν
397 3416 538 3512 δυνάμει
575 3417 722 3506 σημείων
751 3421 809 3485 καὶ
835 3417 983 3506 τεράτων
1011 3425 1046 3494 ἐν
1074 3427 1213 3514 δυνάμει

106 3504 1010 3677 tttltt'ttillittltttttltlltl''ialttttt
1023 3513 1212 3668 ”latit
1252 3577 1254 3592 '

105 3679 307 3767 terpretatio
336 3697 401 3741 nou
429 3677 536 3742 solum
563 3683 714 3742 contorta
743 3682 812 3762 est,
840 3698 953 3746 verum
981 3682 1082 3750 etiam
1110 3685 1212 3760 ialsa.

106 3781 198 3850 Nam
227 3787 460 3870 praeterquam
485 3779 573 3866 quod
603 3777 643 3844 ed
664 3779 749 3844 initi
770 3779 860 3866 λόγῳ
882 3783 939 3848 καὶ
960 3783 1046 3872 ἔργῳ
1083 3774 1147 3848 καὶ
1174 3785 1212 3856 ἔν

107 3868 249 3949 δυνάμει
268 3863 414 3951 σημείων
443 3869 499 3930 καὶ
519 3861 667 3948 τεράτων
693 3859 729 3930 ἐν
751 3859 889 3944 δυνάμει
910 3871 1101 3952 πνεύματος
1123 3873 1213 3940 θεοῦ

105 3959 198 4018 recte
226 3947 445 4038 requisiveris
492 3949 527 4013 in
554 3958 688 4037 promtu
717 3959 788 4032 est,
817 3949 974 4018 miracula
1004 3955 1038 4023 Ιι.
1057 3958 1082 4022 l.
1104 3978 1211 4026 nona

107 4038 252 4124 spiritus
281 4059 311 4104 s.
340 4033 372 4098 vi
401 3998 542 4117 (liattlr.
569 4035 736 4121 12,28.)‚
774 4034 833 4099 sed
863 4057 882 4101 a
912 4039 1032 4107 striae
1061 4045 1209 4129 potentia

5 4135 6 4138 ,
106 4116 216 4190 Paulo
246 4119 422 4210 repetenda
446 4119 551 4185 luisse
566 4119 637 4205 ¹[ci.
659 4141 691 4188 v.
715 4116 756 4186 od
776 4119 840 4208 γὰρ
861 4117 1019 4213 τολμήσω
1040 4149 1076 4192 τι
1098 4129 1210 4195 λαλεῖν

107 4215 157 4290 ὧν
195 4220 236 4290 οδ
279 4214 522 4310 κατειργάσατο
557 4207 720 4310 Χριστὸς
759 4218 807 4290 δι’
843 4219 926 4308 ἐμοῦ
954 4223 1005 4303 εἰς
1039 4219 1098 4296 διε.
1132 4223 1209 4304 tur.

108 4328 213 4412 κτλ).
