<?xml version="1.0" encoding="UTF-8"?>
<!DOCTYPE html PUBLIC "-//W3C//DTD XHTML 1.0 Transitional//EN"
    "http://www.w3.org/TR/xhtml1/DTD/xhtml1-transitional.dtd">
<html xmlns="http://www.w3.org/1999/xhtml" xml:lang="en" lang="en">
 <head>
  <title>
</title>
<meta http-equiv="Content-Type" content="text/html;charset=utf-8" />
  <meta name='ocr-system' content='tesseract 3.04.00' />
  <meta name='ocr-capabilities' content='ocr_page ocr_carea ocr_par ocr_line ocrx_word'/>
</head>
<body>
  <div class='ocr_page' id='page_1' title='image "./pauliadromanose01fritgoog_0155.png"; bbox 0 0 2806 5014; ppageno 0'>
   <div class='ocr_carea' id='block_1_1' title="bbox 524 974 732 1040">
    <p class='ocr_par' dir='ltr' id='par_1_1' title="bbox 524 974 732 1040">
     <span class='ocr_line' id='line_1_1' title="bbox 524 974 732 1040; baseline 0 -3"><span class='ocrx_word' id='word_1_1' title='bbox 524 974 623 1040; x_wconf 76' lang='lat' dir='ltr'>GAP.</span> <span class='ocrx_word' id='word_1_2' title='bbox 649 978 732 1037; x_wconf 82' lang='lat' dir='ltr'><strong>XIV.</strong></span> 
     </span>
    </p>
   </div>
   <div class='ocr_carea' id='block_1_2' title="bbox 420 1157 860 1225">
    <p class='ocr_par' dir='ltr' id='par_1_2' title="bbox 420 1157 860 1225">
     <span class='ocr_line' id='line_1_2' title="bbox 420 1157 860 1225; baseline -0.014 -5"><span class='ocrx_word' id='word_1_3' title='bbox 420 1157 860 1225; x_wconf 73' lang='lat' dir='ltr'><strong>ARGUMENTUM.</strong></span> 
     </span>
    </p>
   </div>
   <div class='ocr_carea' id='block_1_3' title="bbox 534 1343 780 1360">
    <p class='ocr_par' dir='ltr' id='par_1_3' title="bbox 534 1343 780 1360">
     <span class='ocr_line' id='line_1_3' title="bbox 534 1343 780 1360; baseline -0.016 0"><span class='ocrx_word' id='word_1_4' title='bbox 534 1343 780 1360; x_wconf 58' lang='grc' dir='ltr'><strong><em>Μ</em></strong></span> 
     </span>
    </p>
   </div>
   <div class='ocr_carea' id='block_1_4' title="bbox 14 1493 1262 3226">
    <p class='ocr_par' dir='ltr' id='par_1_4' title="bbox 14 1493 1190 2332">
     <span class='ocr_line' id='line_1_4' title="bbox 149 1493 1188 1576; baseline 0.006 -26"><span class='ocrx_word' id='word_1_5' title='bbox 149 1493 244 1550; x_wconf 87' lang='lat' dir='ltr'>Nostri</span> <span class='ocrx_word' id='word_1_6' title='bbox 263 1495 297 1552; x_wconf 87' lang='lat' dir='ltr'>de</span> <span class='ocrx_word' id='word_1_7' title='bbox 315 1507 412 1556; x_wconf 84' lang='lat' dir='ltr'>mutuo</span> <span class='ocrx_word' id='word_1_8' title='bbox 430 1518 524 1558; x_wconf 82' lang='lat' dir='ltr'>rmore</span> <span class='ocrx_word' id='word_1_9' title='bbox 545 1499 680 1576; x_wconf 72' lang='lat' dir='ltr'>praecepti</span> <span class='ocrx_word' id='word_1_10' title='bbox 706 1497 901 1566; x_wconf 55' lang='lat' dir='ltr'>(reu-10.)</span> <span class='ocrx_word' id='word_1_11' title='bbox 928 1511 1064 1553; x_wconf 82' lang='lat' dir='ltr'>mensores</span> <span class='ocrx_word' id='word_1_12' title='bbox 1086 1500 1188 1556; x_wconf 87' lang='lat' dir='ltr'>mentis</span> 
     </span>
     <span class='ocr_line' id='line_1_5' title="bbox 81 1565 1188 1636; baseline 0.005 -16"><span class='ocrx_word' id='word_1_13' title='bbox 81 1565 370 1622; x_wconf 73' lang='lat' dir='ltr'>sententidiniirmum</span> <span class='ocrx_word' id='word_1_14' title='bbox 387 1571 545 1626; x_wconf 76' lang='lat' dir='ltr'>inreritum</span> <span class='ocrx_word' id='word_1_15' title='bbox 566 1571 779 1626; x_wconf 81' lang='lat' dir='ltr'>contubernium</span> <span class='ocrx_word' id='word_1_16' title='bbox 799 1567 928 1636; x_wconf 76' lang='lat' dir='ltr'>recipite,</span> <span class='ocrx_word' id='word_1_17' title='bbox 953 1565 989 1618; x_wconf 79' lang='lat' dir='ltr'>ite</span> <span class='ocrx_word' id='word_1_18' title='bbox 1009 1579 1039 1623; x_wconf 88' lang='lat' dir='ltr'>ut</span> <span class='ocrx_word' id='word_1_19' title='bbox 1060 1569 1136 1624; x_wconf 77' lang='lat' dir='ltr'>nulia</span> <span class='ocrx_word' id='word_1_20' title='bbox 1154 1573 1188 1626; x_wconf 88' lang='lat' dir='ltr'>de</span> 
     </span>
     <span class='ocr_line' id='line_1_6' title="bbox 81 1634 1187 1708; baseline 0.004 -18"><span class='ocrx_word' id='word_1_21' title='bbox 81 1634 205 1706; x_wconf 78' lang='lat' dir='ltr'>cogitetis</span> <span class='ocrx_word' id='word_1_22' title='bbox 221 1636 436 1704; x_wconf 79' lang='lat' dir='ltr'>judiciefecistis</span> <span class='ocrx_word' id='word_1_23' title='bbox 452 1643 489 1707; x_wconf 84' lang='lat' dir='ltr'>(r.</span> <span class='ocrx_word' id='word_1_24' title='bbox 504 1643 550 1708; x_wconf 95' lang='grc'><strong>1.).</strong></span> <span class='ocrx_word' id='word_1_25' title='bbox 585 1637 654 1692; x_wconf 79' lang='lat' dir='ltr'>Nem</span> <span class='ocrx_word' id='word_1_26' title='bbox 674 1657 730 1692; x_wconf 89' lang='lat' dir='ltr'>non</span> <span class='ocrx_word' id='word_1_27' title='bbox 752 1654 807 1690; x_wconf 78' lang='lat' dir='ltr'>une</span> <span class='ocrx_word' id='word_1_28' title='bbox 826 1636 975 1704; x_wconf 75' lang='lat' dir='ltr'>eademque</span> <span class='ocrx_word' id='word_1_29' title='bbox 993 1637 1117 1692; x_wconf 87' lang='lat' dir='ltr'>omnium</span> <span class='ocrx_word' id='word_1_30' title='bbox 1136 1639 1187 1694; x_wconf 86' lang='lat' dir='ltr'>ho·</span> 
     </span>
     <span class='ocr_line' id='line_1_7' title="bbox 81 1701 1188 1783; baseline 0.005 -25"><span class='ocrx_word' id='word_1_31' title='bbox 81 1705 192 1758; x_wconf 84' lang='lat' dir='ltr'>minum</span> <span class='ocrx_word' id='word_1_32' title='bbox 203 1704 314 1759; x_wconf 83' lang='lat' dir='ltr'>firmitas</span> <span class='ocrx_word' id='word_1_33' title='bbox 329 1717 384 1776; x_wconf 64' lang='lat' dir='ltr'>este</span> <span class='ocrx_word' id='word_1_34' title='bbox 402 1720 466 1764; x_wconf 90' lang='lat' dir='ltr'>sunt</span> <span class='ocrx_word' id='word_1_35' title='bbox 481 1711 571 1783; x_wconf 91' lang='lat' dir='ltr'>potius</span> <span class='ocrx_word' id='word_1_36' title='bbox 586 1717 694 1781; x_wconf 76' lang='lat' dir='ltr'>praeter</span> <span class='ocrx_word' id='word_1_37' title='bbox 705 1709 813 1768; x_wconf 81' lang='lat' dir='ltr'>firmos¹</span> <span class='ocrx_word' id='word_1_38' title='bbox 831 1703 878 1772; x_wconf 88' lang='lat' dir='ltr'>qui</span> <span class='ocrx_word' id='word_1_39' title='bbox 892 1701 1057 1774; x_wconf 74' lang='lat' dir='ltr'>quibuslibet</span> <span class='ocrx_word' id='word_1_40' title='bbox 1070 1725 1188 1762; x_wconf 87' lang='lat' dir='ltr'>vescun-</span> 
     </span>
     <span class='ocr_line' id='line_1_8' title="bbox 18 1770 1187 1859; baseline 0.005 -33"><span class='ocrx_word' id='word_1_41' title='bbox 18 1770 23 1819; x_wconf 74' lang='grc' dir='ltr'><em>ἷ</em></span> <span class='ocrx_word' id='word_1_42' title='bbox 81 1782 140 1846; x_wconf 81' lang='lat' dir='ltr'>tur,</span> <span class='ocrx_word' id='word_1_43' title='bbox 156 1773 369 1838; x_wconf 71' lang='lat' dir='ltr'>stirminfirmi,</span> <span class='ocrx_word' id='word_1_44' title='bbox 387 1777 434 1859; x_wconf 64' lang='lat' dir='ltr'>gui</span> <span class='ocrx_word' id='word_1_45' title='bbox 448 1777 579 1834; x_wconf 75' lang='lat' dir='ltr'>olusculis</span> <span class='ocrx_word' id='word_1_46' title='bbox 594 1777 673 1830; x_wconf 81' lang='lat' dir='ltr'>ritem</span> <span class='ocrx_word' id='word_1_47' title='bbox 687 1783 836 1831; x_wconf 75' lang='lat' dir='ltr'>sustentant</span> <span class='ocrx_word' id='word_1_48' title='bbox 851 1777 888 1842; x_wconf 82' lang='lat' dir='ltr'>(s.</span> <span class='ocrx_word' id='word_1_49' title='bbox 901 1773 952 1840; x_wconf 72' lang='grc'><strong>2.).</strong></span> <span class='ocrx_word' id='word_1_50' title='bbox 985 1771 1051 1828; x_wconf 84' lang='lat' dir='ltr'>Ilios</span> <span class='ocrx_word' id='word_1_51' title='bbox 1065 1775 1116 1828; x_wconf 87' lang='lat' dir='ltr'>hos</span> <span class='ocrx_word' id='word_1_52' title='bbox 1129 1795 1187 1832; x_wconf 86' lang='lat' dir='ltr'>non</span> 
     </span>
     <span class='ocr_line' id='line_1_9' title="bbox 80 1839 1189 1920; baseline 0.001 -22"><span class='ocrx_word' id='word_1_53' title='bbox 80 1847 259 1898; x_wconf 78' lang='lat' dir='ltr'>contemnere</span> <span class='ocrx_word' id='word_1_54' title='bbox 271 1853 301 1897; x_wconf 91' lang='lat' dir='ltr'>ut</span> <span class='ocrx_word' id='word_1_55' title='bbox 313 1845 409 1900; x_wconf 85' lang='lat' dir='ltr'>stultos</span> <span class='ocrx_word' id='word_1_56' title='bbox 424 1856 450 1900; x_wconf 89' lang='lat' dir='ltr'>et</span> <span class='ocrx_word' id='word_1_57' title='bbox 463 1846 683 1920; x_wconf 84' lang='lat' dir='ltr'>superstitiosos,</span> <span class='ocrx_word' id='word_1_58' title='bbox 700 1845 749 1898; x_wconf 89' lang='lat' dir='ltr'>hos</span> <span class='ocrx_word' id='word_1_59' title='bbox 759 1843 821 1897; x_wconf 88' lang='lat' dir='ltr'>iilos</span> <span class='ocrx_word' id='word_1_60' title='bbox 835 1860 892 1896; x_wconf 89' lang='lat' dir='ltr'>non</span> <span class='ocrx_word' id='word_1_61' title='bbox 909 1839 1054 1912; x_wconf 88' lang='lat' dir='ltr'>impietrtis</span> <span class='ocrx_word' id='word_1_62' title='bbox 1071 1844 1189 1900; x_wconf 85' lang='lat' dir='ltr'>insimu-</span> 
     </span>
     <span class='ocr_line' id='line_1_10' title="bbox 78 1909 1188 1986; baseline -0.005 -22"><span class='ocrx_word' id='word_1_63' title='bbox 78 1909 140 1966; x_wconf 77' lang='lat' dir='ltr'>lare</span> <span class='ocrx_word' id='word_1_64' title='bbox 154 1913 246 1974; x_wconf 85' lang='lat' dir='ltr'>decet,</span> <span class='ocrx_word' id='word_1_65' title='bbox 266 1911 295 1966; x_wconf 90' lang='lat' dir='ltr'>in</span> <span class='ocrx_word' id='word_1_66' title='bbox 309 1912 413 1978; x_wconf 87' lang='lat' dir='ltr'>Deum,</span> <span class='ocrx_word' id='word_1_67' title='bbox 438 1917 485 1986; x_wconf 90' lang='lat' dir='ltr'>qui</span> <span class='ocrx_word' id='word_1_68' title='bbox 497 1934 555 1970; x_wconf 87' lang='lat' dir='ltr'>nnn</span> <span class='ocrx_word' id='word_1_69' title='bbox 572 1915 739 1970; x_wconf 72' lang='lat' dir='ltr'>abstinentes</span> <span class='ocrx_word' id='word_1_70' title='bbox 754 1911 866 1966; x_wconf 75' lang='lat' dir='ltr'>caritate</span> <span class='ocrx_word' id='word_1_71' title='bbox 887 1913 1045 1980; x_wconf 79' lang='lat' dir='ltr'>complexus</span> <span class='ocrx_word' id='word_1_72' title='bbox 1061 1925 1116 1980; x_wconf 87' lang='lat' dir='ltr'>est,</span> <span class='ocrx_word' id='word_1_73' title='bbox 1141 1917 1188 1967; x_wconf 77' lang='lat' dir='ltr'>tn..</span> 
     </span>
     <span class='ocr_line' id='line_1_11' title="bbox 78 1979 1189 2050; baseline 0.003 -16"><span class='ocrx_word' id='word_1_74' title='bbox 78 1979 167 2034; x_wconf 91' lang='lat' dir='ltr'>tuitos</span> <span class='ocrx_word' id='word_1_75' title='bbox 186 1981 223 2047; x_wconf 83' lang='lat' dir='ltr'>(r.</span> <span class='ocrx_word' id='word_1_76' title='bbox 238 1981 283 2049; x_wconf 76' lang='grc'><strong>3.).</strong></span> <span class='ocrx_word' id='word_1_77' title='bbox 323 1981 386 2036; x_wconf 86' lang='lat' dir='ltr'>Non</span> <span class='ocrx_word' id='word_1_78' title='bbox 407 1985 496 2044; x_wconf 84' lang='lat' dir='ltr'>solnm</span> <span class='ocrx_word' id='word_1_79' title='bbox 516 1989 603 2038; x_wconf 81' lang='lat' dir='ltr'>stulte</span> <span class='ocrx_word' id='word_1_80' title='bbox 622 1983 688 2037; x_wconf 78' lang='lat' dir='ltr'>fecit</span> <span class='ocrx_word' id='word_1_81' title='bbox 707 1981 860 2044; x_wconf 75' lang='lat' dir='ltr'>abstinens,</span> <span class='ocrx_word' id='word_1_82' title='bbox 887 1980 934 2050; x_wconf 88' lang='lat' dir='ltr'>qui</span> <span class='ocrx_word' id='word_1_83' title='bbox 955 1999 1011 2034; x_wconf 89' lang='lat' dir='ltr'>non</span> <span class='ocrx_word' id='word_1_84' title='bbox 1030 1982 1189 2037; x_wconf 71' lang='lat' dir='ltr'>abstinentie</span> 
     </span>
     <span class='ocr_line' id='line_1_12' title="bbox 78 2048 1190 2125; baseline 0.004 -25"><span class='ocrx_word' id='word_1_85' title='bbox 78 2065 224 2102; x_wconf 76' lang='lat' dir='ltr'>censorem</span> <span class='ocrx_word' id='word_1_86' title='bbox 236 2051 307 2120; x_wconf 77' lang='lat' dir='ltr'>egit,</span> <span class='ocrx_word' id='word_1_87' title='bbox 325 2053 386 2121; x_wconf 80' lang='lat' dir='ltr'>quis</span> <span class='ocrx_word' id='word_1_88' title='bbox 400 2073 485 2125; x_wconf 86' lang='lat' dir='ltr'>quum</span> <span class='ocrx_word' id='word_1_89' title='bbox 497 2054 625 2122; x_wconf 82' lang='lat' dir='ltr'>Christo,</span> <span class='ocrx_word' id='word_1_90' title='bbox 643 2051 702 2120; x_wconf 86' lang='lat' dir='ltr'>ejus</span> <span class='ocrx_word' id='word_1_91' title='bbox 715 2053 795 2114; x_wconf 87' lang='lat' dir='ltr'>hero,</span> <span class='ocrx_word' id='word_1_92' title='bbox 806 2048 893 2102; x_wconf 88' lang='lat' dir='ltr'>multo</span> <span class='ocrx_word' id='word_1_93' title='bbox 906 2049 1045 2103; x_wconf 84' lang='lat' dir='ltr'>infirmior</span> <span class='ocrx_word' id='word_1_94' title='bbox 1056 2052 1098 2116; x_wconf 85' lang='lat' dir='ltr'>sit,</span> <span class='ocrx_word' id='word_1_95' title='bbox 1111 2051 1190 2108; x_wconf 86' lang='lat' dir='ltr'>Chri·</span> 
     </span>
     <span class='ocr_line' id='line_1_13' title="bbox 76 2117 1189 2195; baseline 0.002 -22"><span class='ocrx_word' id='word_1_96' title='bbox 76 2118 114 2173; x_wconf 87' lang='lat' dir='ltr'>sti</span> <span class='ocrx_word' id='word_1_97' title='bbox 128 2136 237 2171; x_wconf 82' lang='lat' dir='ltr'>servum</span> <span class='ocrx_word' id='word_1_98' title='bbox 252 2137 315 2173; x_wconf 78' lang='lat' dir='ltr'>sune</span> <span class='ocrx_word' id='word_1_99' title='bbox 325 2118 458 2177; x_wconf 76' lang='lat' dir='ltr'>&#39;censurae</span> <span class='ocrx_word' id='word_1_100' title='bbox 472 2143 521 2195; x_wconf 86' lang='lat' dir='ltr'>per</span> <span class='ocrx_word' id='word_1_101' title='bbox 533 2123 660 2192; x_wconf 82' lang='lat' dir='ltr'>injuriam</span> <span class='ocrx_word' id='word_1_102' title='bbox 672 2117 841 2174; x_wconf 78' lang='lat' dir='ltr'>summittere</span> <span class='ocrx_word' id='word_1_103' title='bbox 850 2117 969 2186; x_wconf 85' lang='lat' dir='ltr'>srustra</span> <span class='ocrx_word' id='word_1_104' title='bbox 987 2131 1119 2191; x_wconf 80' lang='lat' dir='ltr'>conatur,</span> <span class='ocrx_word' id='word_1_105' title='bbox 1141 2122 1189 2178; x_wconf 87' lang='lat' dir='ltr'>sed</span> 
     </span>
     <span class='ocr_line' id='line_1_14' title="bbox 14 2185 1189 2332; baseline 0.005 -24"><span class='ocrx_word' id='word_1_106' title='bbox 14 2277 15 2282; x_wconf 20' lang='grc' dir='ltr'><strong><em>κ</em></strong></span> <span class='ocrx_word' id='word_1_107' title='bbox 76 2185 163 2308; x_wconf 62' lang='lat' dir='ltr'>iiim</span> <span class='ocrx_word' id='word_1_108' title='bbox 177 2189 737 2332; x_wconf 45' lang='lat' dir='ltr'>&#39;&#39;tittttttttittstitititt</span> <span class='ocrx_word' id='word_1_109' title='bbox 754 2185 1189 2329; x_wconf 56' lang='lat' dir='ltr'>{titt&#39;ii&#39;tpitt‘tttt</span> 
     </span>
    </p>

    <p class='ocr_par' dir='ltr' id='par_1_5' title="bbox 59 2293 1189 2725">
     <span class='ocr_line' id='line_1_15' title="bbox 59 2293 864 2321; baseline 0.011 -10"><span class='ocrx_word' id='word_1_110' title='bbox 59 2307 65 2313; x_wconf 84' lang='grc'><strong>.</strong></span> <span class='ocrx_word' id='word_1_111' title='bbox 153 2293 161 2313; x_wconf 83' lang='lat' dir='ltr'>s</span> <span class='ocrx_word' id='word_1_112' title='bbox 499 2297 508 2315; x_wconf 83' lang='lat' dir='ltr'>e</span> <span class='ocrx_word' id='word_1_113' title='bbox 856 2293 864 2321; x_wconf 76' lang='grc'><strong>1</strong></span> 
     </span>
     <span class='ocr_line' id='line_1_16' title="bbox 76 2293 1187 2400; baseline 0.002 -20"><span class='ocrx_word' id='word_1_114' title='bbox 76 2323 181 2380; x_wconf 82' lang='lat' dir='ltr'>Christi</span> <span class='ocrx_word' id='word_1_115' title='bbox 193 2343 299 2380; x_wconf 81' lang='lat' dir='ltr'>servus:</span> <span class='ocrx_word' id='word_1_116' title='bbox 317 2293 388 2394; x_wconf 72' lang='lat' dir='ltr'>pistis</span> <span class='ocrx_word' id='word_1_117' title='bbox 401 2340 442 2383; x_wconf 89' lang='lat' dir='ltr'>est</span> <span class='ocrx_word' id='word_1_118' title='bbox 453 2330 527 2383; x_wconf 87' lang='lat' dir='ltr'>enim</span> <span class='ocrx_word' id='word_1_119' title='bbox 542 2327 618 2383; x_wconf 89' lang='lat' dir='ltr'>Deus</span> <span class='ocrx_word' id='word_1_120' title='bbox 630 2345 692 2382; x_wconf 89' lang='lat' dir='ltr'>eum</span> <span class='ocrx_word' id='word_1_121' title='bbox 706 2325 827 2381; x_wconf 80' lang='lat' dir='ltr'>stabilire</span> <span class='ocrx_word' id='word_1_122' title='bbox 845 2328 885 2390; x_wconf 82' lang='lat' dir='ltr'>(v.</span> <span class='ocrx_word' id='word_1_123' title='bbox 903 2323 951 2393; x_wconf 71' lang='grc'><strong>4.).</strong></span> <span class='ocrx_word' id='word_1_124' title='bbox 964 2355 1000 2368; x_wconf 87' lang='grc'>-</span> <span class='ocrx_word' id='word_1_125' title='bbox 1034 2294 1122 2400; x_wconf 57' lang='grc' dir='ltr'><strong>δὐυ1,</strong></span> <span class='ocrx_word' id='word_1_126' title='bbox 1140 2331 1187 2399; x_wconf 89' lang='lat' dir='ltr'>qui</span> 
     </span>
     <span class='ocr_line' id='line_1_17' title="bbox 76 2392 1187 2469; baseline 0.004 -23"><span class='ocrx_word' id='word_1_127' title='bbox 76 2393 198 2446; x_wconf 78' lang='lat' dir='ltr'>alternos</span> <span class='ocrx_word' id='word_1_128' title='bbox 212 2392 269 2446; x_wconf 90' lang='lat' dir='ltr'>dies</span> <span class='ocrx_word' id='word_1_129' title='bbox 280 2395 396 2449; x_wconf 83' lang='lat' dir='ltr'>eximios</span> <span class='ocrx_word' id='word_1_130' title='bbox 407 2408 519 2468; x_wconf 88' lang='lat' dir='ltr'>putent,</span> <span class='ocrx_word' id='word_1_131' title='bbox 538 2409 603 2452; x_wconf 86' lang='lat' dir='ltr'>sunt</span> <span class='ocrx_word' id='word_1_132' title='bbox 618 2397 712 2456; x_wconf 84' lang='lat' dir='ltr'>etiem,</span> <span class='ocrx_word' id='word_1_133' title='bbox 731 2396 777 2467; x_wconf 87' lang='lat' dir='ltr'>qui</span> <span class='ocrx_word' id='word_1_134' title='bbox 791 2411 1016 2466; x_wconf 85' lang='lat' dir='ltr'>unumquemque</span> <span class='ocrx_word' id='word_1_135' title='bbox 1035 2395 1107 2450; x_wconf 84' lang='lat' dir='ltr'>diens</span> <span class='ocrx_word' id='word_1_136' title='bbox 1127 2414 1187 2469; x_wconf 83' lang='lat' dir='ltr'>pro·</span> 
     </span>
     <span class='ocr_line' id='line_1_18' title="bbox 77 2460 1188 2538; baseline 0.005 -22"><span class='ocrx_word' id='word_1_137' title='bbox 77 2465 159 2529; x_wconf 80' lang='lat' dir='ltr'>bente</span> <span class='ocrx_word' id='word_1_138' title='bbox 184 2460 298 2533; x_wconf 85' lang='lat' dir='ltr'>quisque</span> <span class='ocrx_word' id='word_1_139' title='bbox 311 2463 339 2536; x_wconf 87' lang='lat' dir='ltr'>id</span> <span class='ocrx_word' id='word_1_140' title='bbox 349 2463 449 2537; x_wconf 75' lang='lat' dir='ltr'>faciat,</span> <span class='ocrx_word' id='word_1_141' title='bbox 472 2467 547 2538; x_wconf 85' lang='lat' dir='ltr'>quod</span> <span class='ocrx_word' id='word_1_142' title='bbox 586 2466 642 2519; x_wconf 86' lang='lat' dir='ltr'>ium</span> <span class='ocrx_word' id='word_1_143' title='bbox 665 2483 723 2518; x_wconf 86' lang='lat' dir='ltr'>esse</span> <span class='ocrx_word' id='word_1_144' title='bbox 743 2468 799 2535; x_wconf 90' lang='lat' dir='ltr'>ipse</span> <span class='ocrx_word' id='word_1_145' title='bbox 819 2481 911 2518; x_wconf 86' lang='lat' dir='ltr'>secum</span> <span class='ocrx_word' id='word_1_146' title='bbox 930 2463 1047 2518; x_wconf 83' lang='lat' dir='ltr'>firmiter</span> <span class='ocrx_word' id='word_1_147' title='bbox 1064 2467 1188 2523; x_wconf 68' lang='lat' dir='ltr'>statuerit</span> 
     </span>
     <span class='ocr_line' id='line_1_19' title="bbox 79 2485 1189 2606; baseline 0.005 -23"><span class='ocrx_word' id='word_1_148' title='bbox 79 2537 119 2600; x_wconf 77' lang='lat' dir='ltr'>(v.</span> <span class='ocrx_word' id='word_1_149' title='bbox 133 2532 181 2596; x_wconf 85' lang='lat'><strong>5.).</strong></span> <span class='ocrx_word' id='word_1_150' title='bbox 217 2529 251 2584; x_wconf 83' lang='lat' dir='ltr'>Et</span> <span class='ocrx_word' id='word_1_151' title='bbox 265 2530 313 2600; x_wconf 88' lang='lat' dir='ltr'>qni</span> <span class='ocrx_word' id='word_1_152' title='bbox 322 2543 412 2589; x_wconf 90' lang='lat' dir='ltr'>certos</span> <span class='ocrx_word' id='word_1_153' title='bbox 426 2535 557 2606; x_wconf 70' lang='lat' dir='ltr'>quosdam</span> <span class='ocrx_word' id='word_1_154' title='bbox 566 2485 747 2590; x_wconf 76' lang='lat' dir='ltr'>hebdomadis</span> <span class='ocrx_word' id='word_1_155' title='bbox 759 2534 816 2587; x_wconf 88' lang='lat' dir='ltr'>dies</span> <span class='ocrx_word' id='word_1_156' title='bbox 828 2550 892 2602; x_wconf 79' lang='lat' dir='ltr'>pree</span> <span class='ocrx_word' id='word_1_157' title='bbox 906 2535 1005 2589; x_wconf 87' lang='lat' dir='ltr'>ceteris</span> <span class='ocrx_word' id='word_1_158' title='bbox 1024 2534 1141 2588; x_wconf 80' lang='lat' dir='ltr'>celebrat</span> <span class='ocrx_word' id='word_1_159' title='bbox 1161 2545 1189 2591; x_wconf 87' lang='lat' dir='ltr'>et</span> 
     </span>
     <span class='ocr_line' id='line_1_20' title="bbox 79 2599 1187 2725; baseline 0.007 -74"><span class='ocrx_word' id='word_1_160' title='bbox 79 2599 125 2725; x_wconf 58' lang='lat' dir='ltr'>pipi</span> <span class='ocrx_word' id='word_1_161' title='bbox 139 2600 269 2654; x_wconf 88' lang='lat' dir='ltr'>omnihus</span> <span class='ocrx_word' id='word_1_162' title='bbox 281 2600 465 2658; x_wconf 73' lang='lat' dir='ltr'>hebdomadae</span> <span class='ocrx_word' id='word_1_163' title='bbox 477 2604 573 2658; x_wconf 89' lang='lat' dir='ltr'>diebus</span> <span class='ocrx_word' id='word_1_164' title='bbox 586 2623 679 2676; x_wconf 82' lang='lat' dir='ltr'>parem</span> <span class='ocrx_word' id='word_1_165' title='bbox 700 2602 872 2656; x_wconf 81' lang='lat' dir='ltr'>senctitstem</span> <span class='ocrx_word' id='word_1_166' title='bbox 892 2603 988 2658; x_wconf 83' lang='lat' dir='ltr'>tribuit</span> <span class='ocrx_word' id='word_1_167' title='bbox 1006 2603 1103 2673; x_wconf 81' lang='lat' dir='ltr'>pietate</span> <span class='ocrx_word' id='word_1_168' title='bbox 1124 2621 1187 2675; x_wconf 79' lang='lat' dir='ltr'>erge</span> 
     </span>
    </p>

    <p class='ocr_par' dir='ltr' id='par_1_6' title="bbox 28 2668 1262 3226">
     <span class='ocr_line' id='line_1_21' title="bbox 120 2668 1188 2744; baseline 0.001 -20"><span class='ocrx_word' id='word_1_169' title='bbox 120 2668 219 2724; x_wconf 89' lang='lat' dir='ltr'>ristum</span> <span class='ocrx_word' id='word_1_170' title='bbox 233 2669 357 2724; x_wconf 83' lang='lat' dir='ltr'>duciture</span> <span class='ocrx_word' id='word_1_171' title='bbox 375 2672 440 2726; x_wconf 90' lang='lat' dir='ltr'>item</span> <span class='ocrx_word' id='word_1_172' title='bbox 453 2683 480 2726; x_wconf 90' lang='lat' dir='ltr'>et</span> <span class='ocrx_word' id='word_1_173' title='bbox 494 2673 539 2744; x_wconf 86' lang='lat' dir='ltr'>qui</span> <span class='ocrx_word' id='word_1_174' title='bbox 553 2671 681 2730; x_wconf 70' lang='lat' dir='ltr'>cornibus</span> <span class='ocrx_word' id='word_1_175' title='bbox 695 2671 810 2725; x_wconf 67' lang='lat' dir='ltr'>obstinet</span> <span class='ocrx_word' id='word_1_176' title='bbox 821 2680 847 2723; x_wconf 91' lang='lat' dir='ltr'>et</span> <span class='ocrx_word' id='word_1_177' title='bbox 867 2673 914 2740; x_wconf 82' lang='lat' dir='ltr'>qni</span> <span class='ocrx_word' id='word_1_178' title='bbox 932 2672 1062 2726; x_wconf 85' lang='lat' dir='ltr'>omnibus</span> <span class='ocrx_word' id='word_1_179' title='bbox 1081 2673 1188 2740; x_wconf 83' lang='lat' dir='ltr'>promi·</span> 
     </span>
     <span class='ocr_line' id='line_1_22' title="bbox 78 2737 1189 2813; baseline 0.003 -20"><span class='ocrx_word' id='word_1_180' title='bbox 78 2757 143 2794; x_wconf 88' lang='lat' dir='ltr'>seue</span> <span class='ocrx_word' id='word_1_181' title='bbox 155 2737 226 2792; x_wconf 83' lang='lat' dir='ltr'>cibis</span> <span class='ocrx_word' id='word_1_182' title='bbox 239 2739 363 2794; x_wconf 81' lang='lat' dir='ltr'>vescitur</span> <span class='ocrx_word' id='word_1_183' title='bbox 373 2741 474 2810; x_wconf 76' lang='lat' dir='ltr'>pietate</span> <span class='ocrx_word' id='word_1_184' title='bbox 492 2760 556 2813; x_wconf 79' lang='lat' dir='ltr'>erga</span> <span class='ocrx_word' id='word_1_185' title='bbox 576 2741 715 2800; x_wconf 83' lang='lat' dir='ltr'>christum</span> <span class='ocrx_word' id='word_1_186' title='bbox 734 2739 900 2810; x_wconf 81' lang='lat' dir='ltr'>impelliturs</span> <span class='ocrx_word' id='word_1_187' title='bbox 924 2760 984 2795; x_wconf 80' lang='lat' dir='ltr'>nens</span> <span class='ocrx_word' id='word_1_188' title='bbox 1005 2751 1032 2794; x_wconf 89' lang='lat' dir='ltr'>et</span> <span class='ocrx_word' id='word_1_189' title='bbox 1051 2741 1189 2796; x_wconf 80' lang='lat' dir='ltr'>abstinens</span> 
     </span>
     <span class='ocr_line' id='line_1_23' title="bbox 79 2806 1188 2892; baseline 0.002 -32"><span class='ocrx_word' id='word_1_190' title='bbox 79 2815 105 2860; x_wconf 87' lang='lat' dir='ltr'>et</span> <span class='ocrx_word' id='word_1_191' title='bbox 118 2825 177 2860; x_wconf 89' lang='lat' dir='ltr'>non</span> <span class='ocrx_word' id='word_1_192' title='bbox 191 2807 332 2862; x_wconf 77' lang='lat' dir='ltr'>obstinens</span> <span class='ocrx_word' id='word_1_193' title='bbox 343 2827 394 2892; x_wconf 87' lang='lat' dir='ltr'>pro</span> <span class='ocrx_word' id='word_1_194' title='bbox 407 2806 455 2864; x_wconf 77' lang='lat' dir='ltr'>sud</span> <span class='ocrx_word' id='word_1_195' title='bbox 468 2810 556 2865; x_wconf 73' lang='lat' dir='ltr'>coeni</span> <span class='ocrx_word' id='word_1_196' title='bbox 568 2809 666 2882; x_wconf 75' lang='lat' dir='ltr'>gratiss</span> <span class='ocrx_word' id='word_1_197' title='bbox 684 2807 740 2878; x_wconf 80' lang='lat' dir='ltr'>agit</span> <span class='ocrx_word' id='word_1_198' title='bbox 751 2810 811 2862; x_wconf 87' lang='lat' dir='ltr'>Deo</span> <span class='ocrx_word' id='word_1_199' title='bbox 831 2811 867 2872; x_wconf 81' lang='lat' dir='ltr'>(v.</span> <span class='ocrx_word' id='word_1_200' title='bbox 887 2811 936 2877; x_wconf 84' lang='lat'><strong>6.).</strong></span> <span class='ocrx_word' id='word_1_201' title='bbox 972 2809 1083 2880; x_wconf 85' lang='lat' dir='ltr'>Quippe</span> <span class='ocrx_word' id='word_1_202' title='bbox 1104 2825 1188 2862; x_wconf 90' lang='lat' dir='ltr'>nemo</span> 
     </span>
     <span class='ocr_line' id='line_1_24' title="bbox 28 2872 1190 2951; baseline 0.003 -22"><span class='ocrx_word' id='word_1_203' title='bbox 28 2927 30 2935; x_wconf 16' lang='grc' dir='ltr'>χ</span> <span class='ocrx_word' id='word_1_204' title='bbox 78 2872 206 2932; x_wconf 83' lang='lat' dir='ltr'>nostrrirn</span> <span class='ocrx_word' id='word_1_205' title='bbox 218 2889 272 2930; x_wconf 80' lang='lat' dir='ltr'>tam</span> <span class='ocrx_word' id='word_1_206' title='bbox 285 2875 387 2948; x_wconf 78' lang='lat' dir='ltr'>impius</span> <span class='ocrx_word' id='word_1_207' title='bbox 402 2891 459 2951; x_wconf 87' lang='lat' dir='ltr'>est,</span> <span class='ocrx_word' id='word_1_208' title='bbox 475 2889 506 2933; x_wconf 90' lang='lat' dir='ltr'>ut</span> <span class='ocrx_word' id='word_1_209' title='bbox 519 2880 598 2934; x_wconf 82' lang='lat' dir='ltr'>vitem</span> <span class='ocrx_word' id='word_1_210' title='bbox 615 2897 691 2933; x_wconf 85' lang='lat' dir='ltr'>susm</span> <span class='ocrx_word' id='word_1_211' title='bbox 706 2888 754 2931; x_wconf 83' lang='lat' dir='ltr'>eut</span> <span class='ocrx_word' id='word_1_212' title='bbox 768 2886 885 2930; x_wconf 86' lang='lat' dir='ltr'>mortem</span> <span class='ocrx_word' id='word_1_213' title='bbox 901 2877 933 2930; x_wconf 83' lang='lat' dir='ltr'>ed</span> <span class='ocrx_word' id='word_1_214' title='bbox 946 2894 1016 2932; x_wconf 83' lang='lat' dir='ltr'>suas</span> <span class='ocrx_word' id='word_1_215' title='bbox 1027 2897 1069 2930; x_wconf 85' lang='lat' dir='ltr'>res</span> <span class='ocrx_word' id='word_1_216' title='bbox 1088 2876 1190 2933; x_wconf 76' lang='lat' dir='ltr'>reseret</span> 
     </span>
     <span class='ocr_line' id='line_1_25' title="bbox 79 2943 1190 3014; baseline 0.003 -18"><span class='ocrx_word' id='word_1_217' title='bbox 79 2946 118 3012; x_wconf 82' lang='lat' dir='ltr'>(v.</span> <span class='ocrx_word' id='word_1_218' title='bbox 129 2945 186 3010; x_wconf 86' lang='grc'><strong>7.);</strong></span> <span class='ocrx_word' id='word_1_219' title='bbox 206 2943 349 3000; x_wconf 80' lang='lat' dir='ltr'>referimus</span> <span class='ocrx_word' id='word_1_220' title='bbox 363 2947 437 3002; x_wconf 87' lang='lat' dir='ltr'>enim</span> <span class='ocrx_word' id='word_1_221' title='bbox 451 2946 531 3002; x_wconf 83' lang='lat' dir='ltr'>vitem</span> <span class='ocrx_word' id='word_1_222' title='bbox 552 2957 673 3002; x_wconf 79' lang='lat' dir='ltr'>nostram</span> <span class='ocrx_word' id='word_1_223' title='bbox 694 2956 722 2999; x_wconf 85' lang='lat' dir='ltr'>et</span> <span class='ocrx_word' id='word_1_224' title='bbox 740 2957 856 3000; x_wconf 86' lang='lat' dir='ltr'>mortem</span> <span class='ocrx_word' id='word_1_225' title='bbox 867 2945 909 3002; x_wconf 69' lang='lat' dir='ltr'>„rd</span> <span class='ocrx_word' id='word_1_226' title='bbox 924 2945 1081 3006; x_wconf 73' lang='lat' dir='ltr'>Christum,</span> <span class='ocrx_word' id='word_1_227' title='bbox 1106 2963 1190 3014; x_wconf 75' lang='lat' dir='ltr'>quere</span> 
     </span>
     <span class='ocr_line' id='line_1_26' title="bbox 78 3013 1189 3080; baseline -0.001 -13"><span class='ocrx_word' id='word_1_228' title='bbox 78 3015 132 3068; x_wconf 79' lang='lat' dir='ltr'>sire</span> <span class='ocrx_word' id='word_1_229' title='bbox 146 3015 284 3077; x_wconf 81' lang='lat' dir='ltr'>vivemus,</span> <span class='ocrx_word' id='word_1_230' title='bbox 301 3014 359 3072; x_wconf 89' lang='lat' dir='ltr'>sive</span> <span class='ocrx_word' id='word_1_231' title='bbox 373 3016 525 3070; x_wconf 79' lang='lat' dir='ltr'>moriemur</span> <span class='ocrx_word' id='word_1_232' title='bbox 536 3015 639 3070; x_wconf 86' lang='lat' dir='ltr'>Christi</span> <span class='ocrx_word' id='word_1_233' title='bbox 652 3013 767 3068; x_wconf 81' lang='lat' dir='ltr'>arbitrio</span> <span class='ocrx_word' id='word_1_234' title='bbox 781 3034 831 3068; x_wconf 87' lang='lat' dir='ltr'>nos</span> <span class='ocrx_word' id='word_1_235' title='bbox 845 3014 984 3080; x_wconf 83' lang='lat' dir='ltr'>subjectns</span> <span class='ocrx_word' id='word_1_236' title='bbox 999 3031 1057 3067; x_wconf 84' lang='lat' dir='ltr'>esse</span> <span class='ocrx_word' id='word_1_237' title='bbox 1073 3013 1189 3066; x_wconf 76' lang='lat' dir='ltr'>arbitrr·</span> 
     </span>
     <span class='ocr_line' id='line_1_27' title="bbox 78 3082 1188 3157; baseline 0.002 -21"><span class='ocrx_word' id='word_1_238' title='bbox 78 3101 141 3136; x_wconf 87' lang='lat' dir='ltr'>mur</span> <span class='ocrx_word' id='word_1_239' title='bbox 158 3085 226 3151; x_wconf 92' lang='lat' dir='ltr'>(Dei</span> <span class='ocrx_word' id='word_1_240' title='bbox 240 3083 368 3140; x_wconf 85' lang='lat' dir='ltr'>institutis</span> <span class='ocrx_word' id='word_1_241' title='bbox 379 3093 566 3157; x_wconf 76' lang='lat' dir='ltr'>congruenter</span> <span class='ocrx_word' id='word_1_242' title='bbox 580 3103 606 3140; x_wconf 84' lang='lat' dir='ltr'>v.</span> <span class='ocrx_word' id='word_1_243' title='bbox 617 3085 668 3150; x_wconf 84' lang='lat'><strong>8.).</strong></span> <span class='ocrx_word' id='word_1_244' title='bbox 698 3085 774 3138; x_wconf 69' lang='lat' dir='ltr'>&#39;Nem</span> <span class='ocrx_word' id='word_1_245' title='bbox 787 3085 841 3138; x_wconf 89' lang='lat' dir='ltr'>hoc</span> <span class='ocrx_word' id='word_1_246' title='bbox 857 3082 917 3156; x_wconf 90' lang='lat' dir='ltr'>ipso</span> <span class='ocrx_word' id='word_1_247' title='bbox 932 3083 1048 3138; x_wconf 81' lang='lat' dir='ltr'>consitio</span> <span class='ocrx_word' id='word_1_248' title='bbox 1065 3083 1188 3138; x_wconf 81' lang='lat' dir='ltr'>Christus</span> 
     </span>
     <span class='ocr_line' id='line_1_28' title="bbox 79 3149 1262 3226; baseline -0.002 -20"><span class='ocrx_word' id='word_1_249' title='bbox 79 3155 256 3218; x_wconf 81' lang='lat' dir='ltr'>(moderante</span> <span class='ocrx_word' id='word_1_250' title='bbox 268 3149 341 3220; x_wconf 90' lang='lat' dir='ltr'>Deo)</span> <span class='ocrx_word' id='word_1_251' title='bbox 359 3154 522 3208; x_wconf 83' lang='lat' dir='ltr'>mortuus&#39;et</span> <span class='ocrx_word' id='word_1_252' title='bbox 537 3159 752 3226; x_wconf 90' lang='lat' dir='ltr'>(postmortem)</span> <span class='ocrx_word' id='word_1_253' title='bbox 768 3149 823 3209; x_wconf 77' lang='lat' dir='ltr'>viti</span> <span class='ocrx_word' id='word_1_254' title='bbox 836 3151 942 3223; x_wconf 76' lang='lat' dir='ltr'>gavisus</span> <span class='ocrx_word' id='word_1_255' title='bbox 955 3161 1011 3216; x_wconf 88' lang='lat' dir='ltr'>est,</span> <span class='ocrx_word' id='word_1_256' title='bbox 1032 3161 1101 3205; x_wconf 85' lang='lat' dir='ltr'>utet</span> <span class='ocrx_word' id='word_1_257' title='bbox 1117 3171 1189 3205; x_wconf 89' lang='lat' dir='ltr'>mor·</span> <span class='ocrx_word' id='word_1_258' title='bbox 1258 3209 1262 3224; x_wconf 45' lang='grc' dir='ltr'><em>Ι</em></span> 
     </span>
    </p>
   </div>
   <div class='ocr_carea' id='block_1_5' title="bbox 78 3219 1301 3292">
    <p class='ocr_par' dir='ltr' id='par_1_7' title="bbox 78 3219 1301 3292">
     <span class='ocr_line' id='line_1_29' title="bbox 78 3219 1301 3292; baseline -0.002 -14"><span class='ocrx_word' id='word_1_259' title='bbox 78 3233 192 3278; x_wconf 88' lang='lat' dir='ltr'>tuorum</span> <span class='ocrx_word' id='word_1_260' title='bbox 215 3232 243 3276; x_wconf 90' lang='lat' dir='ltr'>et</span> <span class='ocrx_word' id='word_1_261' title='bbox 264 3225 389 3277; x_wconf 80' lang='lat' dir='ltr'>vivorum</span> <span class='ocrx_word' id='word_1_262' title='bbox 403 3223 543 3277; x_wconf 82' lang='lat' dir='ltr'>&#39;dominus</span> <span class='ocrx_word' id='word_1_263' title='bbox 565 3223 720 3291; x_wconf 85' lang='lat' dir='ltr'>(divinitus)</span> <span class='ocrx_word' id='word_1_264' title='bbox 741 3221 926 3276; x_wconf 80' lang='lat' dir='ltr'>declar-eretur</span> <span class='ocrx_word' id='word_1_265' title='bbox 941 3226 984 3289; x_wconf 74' lang='lat' dir='ltr'>(v.</span> <span class='ocrx_word' id='word_1_266' title='bbox 1002 3221 1050 3290; x_wconf 85' lang='lat'>9.).</span> <span class='ocrx_word' id='word_1_267' title='bbox 1087 3219 1190 3292; x_wconf 53' lang='lat' dir='ltr'>,Quum</span> <span class='ocrx_word' id='word_1_268' title='bbox 1299 3239 1301 3246; x_wconf 78' lang='grc'><em>’</em></span> 
     </span>
    </p>
   </div>
   <div class='ocr_carea' id='block_1_6' title="bbox 16 3289 1192 3622">
    <p class='ocr_par' dir='ltr' id='par_1_8' title="bbox 16 3289 1192 3622">
     <span class='ocr_line' id='line_1_30' title="bbox 78 3289 1190 3362; baseline -0.003 -15"><span class='ocrx_word' id='word_1_269' title='bbox 78 3302 168 3347; x_wconf 81' lang='lat' dir='ltr'>eutem</span> <span class='ocrx_word' id='word_1_270' title='bbox 184 3289 333 3347; x_wconf 78' lang='lat' dir='ltr'>Christiani</span> <span class='ocrx_word' id='word_1_271' title='bbox 346 3302 371 3346; x_wconf 90' lang='lat' dir='ltr'>et</span> <span class='ocrx_word' id='word_1_272' title='bbox 390 3290 557 3360; x_wconf 65' lang='lat' dir='ltr'>reverentii,</span> <span class='ocrx_word' id='word_1_273' title='bbox 579 3309 659 3362; x_wconf 79' lang='lat' dir='ltr'>quum</span> <span class='ocrx_word' id='word_1_274' title='bbox 680 3291 789 3348; x_wconf 87' lang='lat' dir='ltr'>Christo</span> <span class='ocrx_word' id='word_1_275' title='bbox 809 3293 947 3350; x_wconf 81' lang='lat' dir='ltr'>tribuant,</span> <span class='ocrx_word' id='word_1_276' title='bbox 971 3290 1044 3344; x_wconf 87' lang='lat' dir='ltr'>iuter</span> <span class='ocrx_word' id='word_1_277' title='bbox 1065 3310 1094 3343; x_wconf 89' lang='lat' dir='ltr'>se</span> <span class='ocrx_word' id='word_1_278' title='bbox 1113 3307 1190 3362; x_wconf 83' lang='lat' dir='ltr'>peres</span> 
     </span>
     <span class='ocr_line' id='line_1_31' title="bbox 78 3358 1191 3431; baseline -0.002 -16"><span class='ocrx_word' id='word_1_279' title='bbox 78 3372 106 3415; x_wconf 90' lang='lat' dir='ltr'>et</span> <span class='ocrx_word' id='word_1_280' title='bbox 118 3361 277 3417; x_wconf 83' lang='lat' dir='ltr'>arctissimo</span> <span class='ocrx_word' id='word_1_281' title='bbox 292 3359 412 3415; x_wconf 82' lang='lat' dir='ltr'>caritatis</span> <span class='ocrx_word' id='word_1_282' title='bbox 426 3361 539 3417; x_wconf 80' lang='lat' dir='ltr'>vinculo</span> <span class='ocrx_word' id='word_1_283' title='bbox 552 3379 647 3417; x_wconf 84' lang='lat' dir='ltr'>secum</span> <span class='ocrx_word' id='word_1_284' title='bbox 663 3360 782 3431; x_wconf 81' lang='lat' dir='ltr'>copulati</span> <span class='ocrx_word' id='word_1_285' title='bbox 795 3360 850 3414; x_wconf 89' lang='lat' dir='ltr'>sint</span> <span class='ocrx_word' id='word_1_286' title='bbox 864 3358 978 3414; x_wconf 81' lang='lat' dir='ltr'>aiterum</span> <span class='ocrx_word' id='word_1_287' title='bbox 992 3362 1026 3414; x_wconf 84' lang='lat' dir='ltr'>sb</span> <span class='ocrx_word' id='word_1_288' title='bbox 1044 3359 1130 3414; x_wconf 85' lang='lat' dir='ltr'>eitern</span> <span class='ocrx_word' id='word_1_289' title='bbox 1144 3367 1191 3413; x_wconf 85' lang='lat' dir='ltr'>eut</span> 
     </span>
     <span class='ocr_line' id='line_1_32' title="bbox 77 3428 1192 3502; baseline -0.002 -18"><span class='ocrx_word' id='word_1_290' title='bbox 77 3441 106 3484; x_wconf 87' lang='lat' dir='ltr'>ut</span> <span class='ocrx_word' id='word_1_291' title='bbox 121 3429 344 3502; x_wconf 86' lang='lat' dir='ltr'>superstitiosum</span> <span class='ocrx_word' id='word_1_292' title='bbox 358 3430 449 3497; x_wconf 87' lang='lat' dir='ltr'>sperni</span> <span class='ocrx_word' id='word_1_293' title='bbox 461 3443 508 3485; x_wconf 82' lang='lat' dir='ltr'>rut</span> <span class='ocrx_word' id='word_1_294' title='bbox 519 3437 550 3485; x_wconf 89' lang='lat' dir='ltr'>ut</span> <span class='ocrx_word' id='word_1_295' title='bbox 563 3431 680 3500; x_wconf 84' lang='lat' dir='ltr'>impium</span> <span class='ocrx_word' id='word_1_296' title='bbox 692 3431 720 3483; x_wconf 93' lang='lat' dir='ltr'>in</span> <span class='ocrx_word' id='word_1_297' title='bbox 734 3428 867 3498; x_wconf 88' lang='lat' dir='ltr'>judicium</span> <span class='ocrx_word' id='word_1_298' title='bbox 882 3428 973 3483; x_wconf 76' lang='lat' dir='ltr'>soceri</span> <span class='ocrx_word' id='word_1_299' title='bbox 988 3429 1063 3482; x_wconf 81' lang='lat' dir='ltr'>netes</span> <span class='ocrx_word' id='word_1_300' title='bbox 1077 3438 1192 3502; x_wconf 86' lang='lat' dir='ltr'>estpro-</span> 
     </span>
     <span class='ocr_line' id='line_1_33' title="bbox 16 3499 1191 3622; baseline 0 -68"><span class='ocrx_word' id='word_1_301' title='bbox 16 3509 21 3514; x_wconf 86' lang='lat'>&#39;</span> <span class='ocrx_word' id='word_1_302' title='bbox 78 3511 189 3622; x_wconf 79' lang='lat' dir='ltr'>pterea,</span> <span class='ocrx_word' id='word_1_303' title='bbox 210 3499 284 3564; x_wconf 80' lang='lat' dir='ltr'>quod</span> <span class='ocrx_word' id='word_1_304' title='bbox 299 3515 394 3552; x_wconf 85' lang='lat' dir='ltr'>ornnes</span> <span class='ocrx_word' id='word_1_305' title='bbox 408 3499 503 3554; x_wconf 88' lang='lat' dir='ltr'>Deum</span> <span class='ocrx_word' id='word_1_306' title='bbox 515 3500 634 3570; x_wconf 81' lang='lat' dir='ltr'>judicem</span> <span class='ocrx_word' id='word_1_307' title='bbox 647 3501 728 3552; x_wconf 86' lang='lat' dir='ltr'>suu&#39;m</span> <span class='ocrx_word' id='word_1_308' title='bbox 740 3499 856 3552; x_wconf 77' lang='lat' dir='ltr'>habituri</span> <span class='ocrx_word' id='word_1_309' title='bbox 876 3507 938 3551; x_wconf 85' lang='lat' dir='ltr'>sunt</span> <span class='ocrx_word' id='word_1_310' title='bbox 957 3501 993 3565; x_wconf 82' lang='lat' dir='ltr'>(v.</span> <span class='ocrx_word' id='word_1_311' title='bbox 1016 3501 1057 3552; x_wconf 83' lang='lat' dir='ltr'>to,</span> <span class='ocrx_word' id='word_1_312' title='bbox 1076 3508 1102 3552; x_wconf 89' lang='lat' dir='ltr'>et</span> <span class='ocrx_word' id='word_1_313' title='bbox 1124 3502 1191 3566; x_wconf 75' lang='lat' dir='ltr'>lt).</span> 
     </span>
    </p>
   </div>
   <div class='ocr_carea' id='block_1_7' title="bbox 93 3563 1295 3652">
    <p class='ocr_par' dir='ltr' id='par_1_9' title="bbox 93 3563 1295 3652">
     <span class='ocr_line' id='line_1_34' title="bbox 93 3563 1295 3652; baseline -0.002 -30"><span class='ocrx_word' id='word_1_314' title='bbox 93 3583 173 3652; x_wconf 67' lang='lat' dir='ltr'>teque</span> <span class='ocrx_word' id='word_1_315' title='bbox 188 3585 256 3639; x_wconf 79' lang='lat' dir='ltr'>ergo</span> <span class='ocrx_word' id='word_1_316' title='bbox 268 3568 381 3638; x_wconf 79' lang='lat' dir='ltr'>quilibet</span> <span class='ocrx_word' id='word_1_317' title='bbox 394 3567 520 3622; x_wconf 82' lang='lat' dir='ltr'>nostrrim</span> <span class='ocrx_word' id='word_1_318' title='bbox 539 3573 572 3624; x_wconf 90' lang='lat' dir='ltr'>de</span> <span class='ocrx_word' id='word_1_319' title='bbox 592 3571 645 3624; x_wconf 76' lang='lat' dir='ltr'>sud</span> <span class='ocrx_word' id='word_1_320' title='bbox 665 3563 717 3620; x_wconf 70' lang='lat' dir='ltr'>nst</span> <span class='ocrx_word' id='word_1_321' title='bbox 735 3568 870 3620; x_wconf 73' lang='lat' dir='ltr'>rationem</span> <span class='ocrx_word' id='word_1_322' title='bbox 891 3566 967 3620; x_wconf 81' lang='lat' dir='ltr'>dabit</span> <span class='ocrx_word' id='word_1_323' title='bbox 980 3563 1041 3622; x_wconf 86' lang='lat' dir='ltr'>Deo</span> <span class='ocrx_word' id='word_1_324' title='bbox 1061 3575 1102 3630; x_wconf 84' lang='lat' dir='ltr'>(v.</span> <span class='ocrx_word' id='word_1_325' title='bbox 1127 3569 1190 3636; x_wconf 69' lang='lat'>12).</span> <span class='ocrx_word' id='word_1_326' title='bbox 1292 3587 1295 3594; x_wconf 85' lang='lat'><em>·</em></span> 
     </span>
    </p>
   </div>
   <div class='ocr_carea' id='block_1_8' title="bbox 16 3631 1266 4256">
    <p class='ocr_par' dir='ltr' id='par_1_10' title="bbox 16 3631 1266 4256">
     <span class='ocr_line' id='line_1_35' title="bbox 79 3631 1266 3708; baseline -0.002 -16"><span class='ocrx_word' id='word_1_327' title='bbox 79 3637 119 3692; x_wconf 84' lang='lat' dir='ltr'>Ne</span> <span class='ocrx_word' id='word_1_328' title='bbox 131 3637 220 3708; x_wconf 78' lang='lat' dir='ltr'>rgitur</span> <span class='ocrx_word' id='word_1_329' title='bbox 233 3635 311 3690; x_wconf 79' lang='lat' dir='ltr'>alteri</span> <span class='ocrx_word' id='word_1_330' title='bbox 325 3637 473 3691; x_wconf 78' lang='lat' dir='ltr'>alterorum</span> <span class='ocrx_word' id='word_1_331' title='bbox 489 3636 593 3706; x_wconf 81' lang='lat' dir='ltr'>iudices</span> <span class='ocrx_word' id='word_1_332' title='bbox 607 3637 770 3701; x_wconf 58' lang='lat' dir='ltr'>sedeensnse</span> <span class='ocrx_word' id='word_1_333' title='bbox 782 3631 839 3688; x_wconf 88' lang='lat' dir='ltr'>imo</span> <span class='ocrx_word' id='word_1_334' title='bbox 851 3636 904 3690; x_wconf 92' lang='lat' dir='ltr'>hoe</span> <span class='ocrx_word' id='word_1_335' title='bbox 916 3638 1009 3702; x_wconf 84' lang='lat' dir='ltr'>potins</span> <span class='ocrx_word' id='word_1_336' title='bbox 1027 3635 1102 3690; x_wconf 79' lang='lat' dir='ltr'>robis</span> <span class='ocrx_word' id='word_1_337' title='bbox 1122 3635 1191 3706; x_wconf 77' lang='lat' dir='ltr'>judi·</span> <span class='ocrx_word' id='word_1_338' title='bbox 1247 3635 1266 3654; x_wconf 66' lang='lat'>⁵</span> 
     </span>
     <span class='ocr_line' id='line_1_36' title="bbox 46 3703 1191 3778; baseline -0.004 -16"><span class='ocrx_word' id='word_1_339' title='bbox 46 3757 49 3762; x_wconf 84' lang='lat'><em>.</em></span> <span class='ocrx_word' id='word_1_340' title='bbox 82 3717 171 3763; x_wconf 81' lang='lat' dir='ltr'>cetum</span> <span class='ocrx_word' id='word_1_341' title='bbox 184 3706 238 3773; x_wconf 89' lang='lat' dir='ltr'>sit,</span> <span class='ocrx_word' id='word_1_342' title='bbox 265 3704 503 3772; x_wconf 85' lang='lat' dir='ltr'>nuliemhomini,</span> <span class='ocrx_word' id='word_1_343' title='bbox 533 3707 579 3778; x_wconf 89' lang='lat' dir='ltr'>qui</span> <span class='ocrx_word' id='word_1_344' title='bbox 592 3705 684 3760; x_wconf 79' lang='lat' dir='ltr'>fratris</span> <span class='ocrx_word' id='word_1_345' title='bbox 697 3705 760 3760; x_wconf 88' lang='lat' dir='ltr'>ioco</span> <span class='ocrx_word' id='word_1_346' title='bbox 780 3706 859 3759; x_wconf 80' lang='lat' dir='ltr'>vobis</span> <span class='ocrx_word' id='word_1_347' title='bbox 877 3703 1011 3760; x_wconf 80' lang='lat' dir='ltr'>colendus</span> <span class='ocrx_word' id='word_1_348' title='bbox 1029 3705 1082 3770; x_wconf 83' lang='lat' dir='ltr'>sit,</span> <span class='ocrx_word' id='word_1_349' title='bbox 1105 3705 1191 3758; x_wconf 79' lang='lat' dir='ltr'>offen·</span> 
     </span>
     <span class='ocr_line' id='line_1_37' title="bbox 82 3773 1192 3844; baseline -0.002 -14"><span class='ocrx_word' id='word_1_350' title='bbox 82 3775 186 3831; x_wconf 89' lang='lat' dir='ltr'>sionem</span> <span class='ocrx_word' id='word_1_351' title='bbox 202 3775 293 3830; x_wconf 75' lang='lat' dir='ltr'>secere</span> <span class='ocrx_word' id='word_1_352' title='bbox 313 3777 352 3842; x_wconf 82' lang='lat' dir='ltr'>(v.</span> <span class='ocrx_word' id='word_1_353' title='bbox 366 3775 429 3841; x_wconf 78' lang='grc'><strong>13).</strong></span> <span class='ocrx_word' id='word_1_354' title='bbox 468 3773 541 3830; x_wconf 83' lang='lat' dir='ltr'>Nuiii</span> <span class='ocrx_word' id='word_1_355' title='bbox 562 3793 627 3830; x_wconf 80' lang='lat' dir='ltr'>sene</span> <span class='ocrx_word' id='word_1_356' title='bbox 647 3773 702 3828; x_wconf 90' lang='lat' dir='ltr'>cibi</span> <span class='ocrx_word' id='word_1_357' title='bbox 722 3776 831 3826; x_wconf 75' lang='lat' dir='ltr'>nature</span> <span class='ocrx_word' id='word_1_358' title='bbox 850 3773 986 3826; x_wconf 83' lang='lat' dir='ltr'>immundi</span> <span class='ocrx_word' id='word_1_359' title='bbox 1004 3785 1084 3838; x_wconf 89' lang='lat' dir='ltr'>snnt;</span> <span class='ocrx_word' id='word_1_360' title='bbox 1108 3773 1192 3844; x_wconf 80' lang='lat' dir='ltr'>atqui</span> 
     </span>
     <span class='ocr_line' id='line_1_38' title="bbox 83 3841 1193 3916; baseline -0.003 -17"><span class='ocrx_word' id='word_1_361' title='bbox 83 3843 234 3900; x_wconf 86' lang='lat' dir='ltr'>nonnullos</span> <span class='ocrx_word' id='word_1_362' title='bbox 245 3843 321 3897; x_wconf 86' lang='lat' dir='ltr'>eibos</span> <span class='ocrx_word' id='word_1_363' title='bbox 333 3842 456 3916; x_wconf 88' lang='lat' dir='ltr'>impuros</span> <span class='ocrx_word' id='word_1_364' title='bbox 469 3861 526 3897; x_wconf 83' lang='lat' dir='ltr'>esse</span> <span class='ocrx_word' id='word_1_365' title='bbox 536 3853 632 3910; x_wconf 83' lang='lat' dir='ltr'>putot,</span> <span class='ocrx_word' id='word_1_366' title='bbox 652 3862 714 3896; x_wconf 88' lang='lat' dir='ltr'>eum</span> <span class='ocrx_word' id='word_1_367' title='bbox 727 3861 791 3895; x_wconf 79' lang='lat' dir='ltr'>sane</span> <span class='ocrx_word' id='word_1_368' title='bbox 804 3841 931 3914; x_wconf 80' lang='lat' dir='ltr'>polluunt</span> <span class='ocrx_word' id='word_1_369' title='bbox 942 3845 980 3907; x_wconf 85' lang='lat' dir='ltr'>(v.</span> <span class='ocrx_word' id='word_1_370' title='bbox 995 3844 1059 3912; x_wconf 71' lang='grc'><strong>14.)</strong></span> <span class='ocrx_word' id='word_1_371' title='bbox 1096 3843 1124 3895; x_wconf 84' lang='lat' dir='ltr'>Si</span> <span class='ocrx_word' id='word_1_372' title='bbox 1140 3863 1193 3896; x_wconf 82' lang='lat' dir='ltr'>su-</span> 
     </span>
     <span class='ocr_line' id='line_1_39' title="bbox 16 3909 1251 3986; baseline -0.01 -14"><span class='ocrx_word' id='word_1_373' title='bbox 16 3939 17 3972; x_wconf 84' lang='lat'>3</span> <span class='ocrx_word' id='word_1_374' title='bbox 82 3924 136 3969; x_wconf 87' lang='lat' dir='ltr'>tens</span> <span class='ocrx_word' id='word_1_375' title='bbox 151 3921 267 3986; x_wconf 81' lang='lat' dir='ltr'>propter</span> <span class='ocrx_word' id='word_1_376' title='bbox 281 3913 372 3967; x_wconf 87' lang='lat' dir='ltr'>eibum</span> <span class='ocrx_word' id='word_1_377' title='bbox 389 3912 474 3966; x_wconf 76' lang='lat' dir='ltr'>freter</span> <span class='ocrx_word' id='word_1_378' title='bbox 494 3922 556 3966; x_wconf 84' lang='lat' dir='ltr'>tuus</span> <span class='ocrx_word' id='word_1_379' title='bbox 577 3912 605 3966; x_wconf 88' lang='lat' dir='ltr'>in</span> <span class='ocrx_word' id='word_1_380' title='bbox 626 3909 765 3967; x_wconf 80' lang='lat' dir='ltr'>tristitiem</span> <span class='ocrx_word' id='word_1_381' title='bbox 785 3911 949 3981; x_wconf 82' lang='lat' dir='ltr'>conjicitur,</span> <span class='ocrx_word' id='word_1_382' title='bbox 977 3909 1217 3977; x_wconf 76' lang='lat' dir='ltr'>iiiicoamorens&#39;</span> <span class='ocrx_word' id='word_1_383' title='bbox 1245 3953 1251 3960; x_wconf 94' lang='lat'><em>.</em></span> 
     </span>
     <span class='ocr_line' id='line_1_40' title="bbox 83 3979 1252 4118; baseline -0.007 -13"><span class='ocrx_word' id='word_1_384' title='bbox 83 3979 1093 4118; x_wconf 45' lang='lat' dir='ltr'>‘¹²¹²⁵&#39;&#39;¹⁰t³ttt¹²1t‘3¹¹‘tttitiis-tetiitt‘ttt?titii?</span> <span class='ocrx_word' id='word_1_385' title='bbox 1112 3998 1193 4104; x_wconf 65' lang='lat' dir='ltr'>tt&#39;t</span> <span class='ocrx_word' id='word_1_386' title='bbox 1249 4089 1252 4097; x_wconf 14' lang='lat' dir='ltr'>t</span> 
     </span>
     <span class='ocr_line' id='line_1_41' title="bbox 83 4062 1195 4244; baseline -0.001 -70"><span class='ocrx_word' id='word_1_387' title='bbox 83 4062 279 4244; x_wconf 49' lang='lat' dir='ltr'>per&#39;dsdiircditdr</span> <span class='ocrx_word' id='word_1_388' title='bbox 291 4089 400 4182; x_wconf 44' lang='lat' dir='ltr'>noitre&#39;,</span> <span class='ocrx_word' id='word_1_389' title='bbox 410 4091 445 4173; x_wconf 84' lang='lat' dir='ltr'>in</span> <span class='ocrx_word' id='word_1_390' title='bbox 457 4115 510 4190; x_wconf 77' lang='lat' dir='ltr'>qud</span> <span class='ocrx_word' id='word_1_391' title='bbox 523 4117 596 4173; x_wconf 77' lang='lat' dir='ltr'>haud</span> <span class='ocrx_word' id='word_1_392' title='bbox 610 4119 748 4172; x_wconf 83' lang='lat' dir='ltr'>mediocre</span> <span class='ocrx_word' id='word_1_393' title='bbox 761 4087 865 4170; x_wconf 81' lang='lat' dir='ltr'>bonu&#39;m</span> <span class='ocrx_word' id='word_1_394' title='bbox 875 4116 959 4184; x_wconf 90' lang='lat' dir='ltr'>inest,</span> <span class='ocrx_word' id='word_1_395' title='bbox 981 4071 1195 4172; x_wconf 58' lang='lat' dir='ltr'>Christiani-ui:</span> 
     </span>
     <span class='ocr_line' id='line_1_42' title="bbox 95 4185 1195 4256; baseline -0.003 -13"><span class='ocrx_word' id='word_1_396' title='bbox 95 4192 193 4246; x_wconf 82' lang='lat' dir='ltr'>ibertas</span> <span class='ocrx_word' id='word_1_397' title='bbox 211 4191 255 4256; x_wconf 82' lang='lat' dir='ltr'>(ab</span> <span class='ocrx_word' id='word_1_398' title='bbox 275 4187 420 4244; x_wconf 74' lang='lat' dir='ltr'>imbecillis</span> <span class='ocrx_word' id='word_1_399' title='bbox 434 4187 562 4242; x_wconf 72' lang='lat' dir='ltr'>Romanis</span> <span class='ocrx_word' id='word_1_400' title='bbox 581 4209 606 4243; x_wconf 82' lang='lat' dir='ltr'>s.</span> <span class='ocrx_word' id='word_1_401' title='bbox 626 4189 689 4253; x_wconf 78' lang='grc'><strong>16).</strong></span> <span class='ocrx_word' id='word_1_402' title='bbox 726 4185 820 4256; x_wconf 85' lang='lat' dir='ltr'>Neque</span> <span class='ocrx_word' id='word_1_403' title='bbox 839 4186 912 4239; x_wconf 90' lang='lat' dir='ltr'>enim</span> <span class='ocrx_word' id='word_1_404' title='bbox 934 4204 1048 4254; x_wconf 68' lang='lat' dir='ltr'>regnum</span> <span class='ocrx_word' id='word_1_405' title='bbox 1073 4186 1195 4242; x_wconf 71' lang='lat' dir='ltr'>divinum</span> 
     </span>
    </p>
   </div>
   <div class='ocr_carea' id='block_1_9' title="bbox 84 4251 1295 4326">
    <p class='ocr_par' dir='ltr' id='par_1_11' title="bbox 84 4251 1295 4326">
     <span class='ocr_line' id='line_1_43' title="bbox 84 4251 1295 4326; baseline -0.002 -13"><span class='ocrx_word' id='word_1_406' title='bbox 84 4259 176 4315; x_wconf 80' lang='lat' dir='ltr'>scibo</span> <span class='ocrx_word' id='word_1_407' title='bbox 193 4271 221 4312; x_wconf 89' lang='lat' dir='ltr'>et</span> <span class='ocrx_word' id='word_1_408' title='bbox 234 4269 315 4326; x_wconf 83' lang='lat' dir='ltr'>potu,</span> <span class='ocrx_word' id='word_1_409' title='bbox 337 4258 385 4310; x_wconf 87' lang='lat' dir='ltr'>sed</span> <span class='ocrx_word' id='word_1_410' title='bbox 399 4258 433 4311; x_wconf 81' lang='lat' dir='ltr'>eb</span> <span class='ocrx_word' id='word_1_411' title='bbox 446 4259 603 4325; x_wconf 79' lang='lat' dir='ltr'>honestate,</span> <span class='ocrx_word' id='word_1_412' title='bbox 624 4251 773 4311; x_wconf 71' lang='lat' dir='ltr'>concordii</span> <span class='ocrx_word' id='word_1_413' title='bbox 792 4267 818 4310; x_wconf 89' lang='lat' dir='ltr'>et</span> <span class='ocrx_word' id='word_1_414' title='bbox 839 4253 914 4308; x_wconf 81' lang='lat' dir='ltr'>hilari</span> <span class='ocrx_word' id='word_1_415' title='bbox 936 4257 1029 4307; x_wconf 84' lang='lat' dir='ltr'>enimc</span> <span class='ocrx_word' id='word_1_416' title='bbox 1049 4255 1197 4326; x_wconf 84' lang='lat' dir='ltr'>dependet,</span> <span class='ocrx_word' id='word_1_417' title='bbox 1274 4254 1295 4292; x_wconf 78' lang='lat'>·,</span> 
     </span>
    </p>
   </div>
   <div class='ocr_carea' id='block_1_10' title="bbox 79 4323 1284 4528">
    <p class='ocr_par' dir='ltr' id='par_1_12' title="bbox 79 4323 1284 4528">
     <span class='ocr_line' id='line_1_44' title="bbox 83 4323 1197 4399; baseline -0.004 -17"><span class='ocrx_word' id='word_1_418' title='bbox 83 4347 163 4399; x_wconf 88' lang='lat' dir='ltr'>quem</span> <span class='ocrx_word' id='word_1_419' title='bbox 178 4327 290 4396; x_wconf 83' lang='lat' dir='ltr'>spiritus</span> <span class='ocrx_word' id='word_1_420' title='bbox 302 4348 323 4382; x_wconf 87' lang='lat' dir='ltr'>s.</span> <span class='ocrx_word' id='word_1_421' title='bbox 337 4326 425 4397; x_wconf 72' lang='lat' dir='ltr'>gignit</span> <span class='ocrx_word' id='word_1_422' title='bbox 440 4334 484 4390; x_wconf 80' lang='grc' dir='ltr'><strong>(ν.</strong></span> <span class='ocrx_word' id='word_1_423' title='bbox 499 4329 573 4396; x_wconf 85' lang='grc' dir='ltr'>17.),Ι</span> <span class='ocrx_word' id='word_1_424' title='bbox 596 4323 819 4398; x_wconf 73' lang='lat' dir='ltr'>quandoquidem</span> <span class='ocrx_word' id='word_1_425' title='bbox 838 4323 885 4395; x_wconf 89' lang='lat' dir='ltr'>qui</span> <span class='ocrx_word' id='word_1_426' title='bbox 907 4325 950 4376; x_wconf 77' lang='lat' dir='ltr'>isis</span> <span class='ocrx_word' id='word_1_427' title='bbox 965 4327 1048 4376; x_wconf 79' lang='lat' dir='ltr'>rebus</span> <span class='ocrx_word' id='word_1_428' title='bbox 1060 4323 1197 4378; x_wconf 82' lang='lat' dir='ltr'>Christum</span> 
     </span>
     <span class='ocr_line' id='line_1_45' title="bbox 79 4393 1284 4528; baseline -0.002 -78"><span class='ocrx_word' id='word_1_429' title='bbox 79 4397 151 4454; x_wconf 67' lang='lat' dir='ltr'>,sotis</span> <span class='ocrx_word' id='word_1_430' title='bbox 164 4407 256 4472; x_wconf 67' lang='lat' dir='ltr'>gratus</span> <span class='ocrx_word' id='word_1_431' title='bbox 270 4397 331 4504; x_wconf 80' lang='lat' dir='ltr'>Deo</span> <span class='ocrx_word' id='word_1_432' title='bbox 344 4405 383 4450; x_wconf 85' lang='lat' dir='ltr'>est</span> <span class='ocrx_word' id='word_1_433' title='bbox 396 4406 423 4451; x_wconf 89' lang='lat' dir='ltr'>et</span> <span class='ocrx_word' id='word_1_434' title='bbox 434 4406 561 4482; x_wconf 79' lang='lat' dir='ltr'>acceptus</span> <span class='ocrx_word' id='word_1_435' title='bbox 573 4393 732 4454; x_wconf 85' lang='lat' dir='ltr'>horninibus</span> <span class='ocrx_word' id='word_1_436' title='bbox 745 4398 783 4464; x_wconf 82' lang='lat' dir='ltr'>(v.</span> <span class='ocrx_word' id='word_1_437' title='bbox 797 4394 857 4464; x_wconf 75' lang='grc'><strong>18.)</strong></span> <span class='ocrx_word' id='word_1_438' title='bbox 884 4393 985 4528; x_wconf 56' lang='grc' dir='ltr'><strong>ἓιῖὶυε</strong></span> <span class='ocrx_word' id='word_1_439' title='bbox 994 4411 1062 4466; x_wconf 67' lang='lat' dir='ltr'>ergo</span> <span class='ocrx_word' id='word_1_440' title='bbox 1077 4413 1117 4462; x_wconf 85' lang='lat' dir='ltr'>er,</span> <span class='ocrx_word' id='word_1_441' title='bbox 1130 4412 1199 4465; x_wconf 84' lang='lat' dir='ltr'>quae</span> <span class='ocrx_word' id='word_1_442' title='bbox 1250 4467 1253 4474; x_wconf 30' lang='lat'>¹</span> <span class='ocrx_word' id='word_1_443' title='bbox 1277 4413 1284 4425; x_wconf 74' lang='lat'><em>¹</em></span> 
     </span>
    </p>
   </div>
   <div class='ocr_carea' id='block_1_11' title="bbox 0 0 1415 5014">
    <p class='ocr_par' dir='ltr' id='par_1_13' title="bbox 0 0 1415 5014">
     <span class='ocr_line' id='line_1_46' title="bbox 0 0 1415 5014; baseline 0 0"><span class='ocrx_word' id='word_1_444' title='bbox 0 0 1415 5014; x_wconf 95' lang='lat' dir='ltr'> </span> 
     </span>
    </p>
   </div>
  </div>
 </body>
</html>
